%% SEARCH STRATEGY (reviewed)

@ARTICLE{methodology:prisma,
  author  = {Page, Matthew J and Moher, David and Bossuyt, Patrick M and Boutron, Isabelle and Hoffmann, Tammy C and Mulrow, Cynthia D and Shamseer, Larissa and Tetzlaff, Jennifer M and Akl, Elie A and Brennan, Sue E and Chou, Roger and Glanville, Julie and Grimshaw, Jeremy M and Hr{\'o}bjartsson, Asbj{\o}rn and Lalu, Manoj M and Li, Tianjing and Loder, Elizabeth W and Mayo-Wilson, Evan and McDonald, Steve and McGuinness, Luke A and Stewart, Lesley A and Thomas, James and Tricco, Andrea C and Welch, Vivian A and Whiting, Penny and McKenzie, Joanne E},
  journal = {BMJ},
  title   = {{PRISMA} 2020 explanation and elaboration: updated guidance and exemplars for reporting systematic reviews},
  volume  = {372},
  number  = {},
  pages   = {},
  doi     = {10.1136/bmj.n160},
  ISBN    = {},
  ISSN    = {},
  year    = {2021},
  month   = {3},}

@ONLINE{methodology:parsifal,
  author  = {Vitor Freitas},
  title   = {Parsifal},
  url     = {https://parsif.al/},
  urldate = {2022-05-12},}

@ONLINE{methodology:search:db:acm,
  %author  = {Association for Computing Machinery},
  title   = {ACM Digital Library},
  url     = {https://dl.acm.org/},
  urldate = {2022-05-06},}

@ONLINE{methodology:search:db:dimensions,
  %author  = {Digital Science \& Research Solutions},
  title   = {Dimensions},
  url     = {https://app.dimensions.ai/discover/publication},
  urldate = {2022-05-06},}

@ONLINE{methodology:search:db:inspec,
  %author  = {Elsevier},
  title   = {Engineering Village},
  url     = {https://www.engineeringvillage.com/search/quick.url},
  urldate = {2022-05-06},}

@ONLINE{methodology:search:db:ieee-xplore,
  %author  = {IEEE},
  title   = {IEEE Xplore},
  url     = {https://ieeexplore.ieee.org/Xplore/home.jsp},
  urldate = {2022-05-06},}

@ONLINE{methodology:search:db:wos,
  %author  = {Clarivate},
  title   = {Web of Science},
  url     = {https://www.webofscience.com/wos/woscc/basic-search},
  urldate = {2022-05-06},}

@ONLINE{methodology:search:db:science-direct,
  %author  = {Elsevier},
  title   = {Science Direct},
  url     = {https://www.sciencedirect.com/},
  urldate = {2022-05-06},}

@ONLINE{methodology:search:db:scopus,
  %author  = {Elsevier},
  title   = {Scopus},
  url     = {https://www.scopus.com/search/form.uri},
  urldate = {2022-05-06},}

@ONLINE{methodology:search:db:springer,
  %author  = {Springer Nature},
  title   = {Springer Link},
  url     = {https://link.springer.com/},
  urldate = {2022-05-06},}

@ARTICLE{methodology:search:db:coverage:scopus-wos,
  author  = {Mongeon, Philippe and Paul-Hus, Adèle},
  journal = {Scientometrics},
  title   = {The journal coverage of {W}eb of {S}cience and {S}copus: a comparative analysis},
  volume  = {106},
  number  = {1},
  pages   = {213--228},
  doi     = {10.1007/s11192-015-1765-5},
  ISBN    = {},
  ISSN    = {1588-2861},
  year    = {2016},
  month   = {1},}

@ARTICLE{methodology:search:db:coverage:dim-scopus-wos,
  author  = {Singh, Vivek Kumar and Singh, Prashasti and Karmakar, Mousumi and Leta, Jacqueline and Mayr, Philipp},
  journal = {Scientometrics},
  title   = {The journal coverage of {W}eb of {S}cience, {S}copus and {D}imensions: a comparative analysis},
  volume  = {126},
  number  = {6},
  pages   = {5113--5142},
  doi     = {10.1007/s11192-021-03948-5},
  ISBN    = {},
  ISSN    = {1588-2861},
  year    = {2021},
  month   = {6},}

%% ------------------------------------------------------------




%% BACKGROUND
%% SLAM
@ARTICLE{background:slam:durrant-whyte-bailey,
  author  = {Durrant-Whyte, H. and Bailey, T.},
  journal = {IEEE Robotics Automation Magazine},
  title   = {Simultaneous localization and mapping ({SLAM}): part {I}},
  volume  = {13},
  number  = {2},
  pages   = {99--110},
  doi     = {10.1109/MRA.2006.1638022},
  ISBN    = {},
  ISSN    = {1558-223X},
  year    = {2006},
  month   = {6},}

@ARTICLE{background:slam:bailey-durrant-whyte,
  author  = {Bailey, T. and Durrant-Whyte, H.},
  journal = {IEEE Robotics Automation Magazine},
  title   = {Simultaneous localization and mapping ({SLAM}): part {II}},
  volume  = {13},
  number  = {3},
  pages   = {108--117},
  doi     = {10.1109/MRA.2006.1678144},
  ISBN    = {},
  ISSN    = {1558-223X},
  year    = {2006},
  month   = {9},}

@ARTICLE{background:slam:scaramuzza-fraundorfer,
  author  = {Scaramuzza, Davide and Fraundorfer, Friedrich},
  journal = {IEEE Robotics Automation Magazine},
  title   = {Visual odometry. Part {I}: the first 30 years and fundamentals},
  volume  = {18},
  number  = {4},
  pages   = {80--92},
  doi     = {10.1109/MRA.2011.943233},
  ISBN    = {},
  ISSN    = {1558-223X},
  year    = {2011},
  month   = {12},}

@ARTICLE{background:slam:fraundorfer-scaramuzza,
  author  = {Fraundorfer, Friedrich and Scaramuzza, Davide},
  journal = {IEEE Robotics Automation Magazine},
  title   = {Visual Odometry. Part {II}: matching, robustness, optimization, and applications},
  volume  = {19},
  number  = {2},
  pages   = {78--90},
  doi     = {10.1109/MRA.2012.2182810},
  ISBN    = {},
  ISSN    = {1558-223X},
  year    = {2012},
  month   = {6},}

@ARTICLE{background:slam:grisetti,
  author  = {Grisetti, Giorgio and Kümmerle, Rainer and Stachniss, Cyrill and Burgard, Wolfram},
  journal = {IEEE Intelligent Transportation Systems Magazine},
  title   = {A tutorial on graph-based {SLAM}},
  volume  = {2},
  number  = {4},
  pages   = {31--43},
  doi     = {10.1109/MITS.2010.939925},
  ISBN    = {},
  ISSN    = {1941-1197},
  year    = {2010},
  month   = {},}

%% - Long-term autonomy
@ARTICLE{background:strands,
  author  = {Hawes, Nick and Burbridge, Christopher and Jovan, Ferdian and Kunze, Lars and Lacerda, Bruno and Mudrova, Lenka and Young, Jay and Wyatt, Jeremy and Hebesberger, Denise and Kortner, Tobias and Ambrus, Rares and Bore, Nils and Folkesson, John and Jensfelt, Patric and Beyer, Lucas and Hermans, Alexander and Leibe, Bastian and Aldoma, Aitor and Faulhammer, Thomas and Zillich, Michael and Vincze, Markus and Chinellato, Eris and Al-Omari, Muhannad and Duckworth, Paul and Gatsoulis, Yiannis and Hogg, David C. and Cohn, Anthony G. and Dondrup, Christian and Pulido Fentanes, Jaime and Krajnik, Tomas and Santos, Joao M. and Duckett, Tom and Hanheide, Marc},
  journal = {IEEE Robotics Automation Magazine},
  title   = {The {STRANDS} project: long-term autonomy in everyday environments},
  volume  = {24},
  number  = {3},
  pages   = {146--156},
  doi     = {10.1109/MRA.2016.2636359},
  ISBN    = {},
  ISSN    = {1558-223X},
  year    = {2017},
  month   = {9},}

@ARTICLE{background:stability-plasticity,
  author  = {Mermillod, Martial and Bugaiska, Aurélia and Bonin, Patrick},
  journal = {Frontiers in Psychology},
  title   = {The stability-plasticity dilemma: investigating the continuum from catastrophic forgetting to age-limited learning effects},
  volume  = {4},
  number  = {},
  pages   = {504},
  doi     = {10.3389/fpsyg.2013.00504},
  ISBN    = {},
  ISSN    = {1664-1078},
  year    = {2013},
  month   = {},}



%% REVIEWS SLAM

@ARTICLE{review:cadena:2016,
  author  = {Cadena, Cesar and Carlone, Luca and Carrillo, Henry and Latif, Yasir and Scaramuzza, Davide and Neira, José and Reid, Ian and Leonard, John J.},
  journal = {IEEE Transactions on Robotics},
  title   = {Past, present, and future of simultaneous localization and mapping: toward the robust-perception age},
  volume  = {32},
  number  = {6},
  pages   = {1309--1332},
  doi     = {10.1109/TRO.2016.2624754},
  ISBN    = {},
  ISSN    = {1941-0468},
  year    = {2016},
  month   = {12},}

@ARTICLE{review:bresson:2017,
  author  = {Bresson, Guillaume and Alsayed, Zayed and Yu, Li and Glaser, Sébastien},
  journal = {IEEE Transactions on Intelligent Vehicles},
  title   = {Simultaneous localization and mapping: a survey of current trends in autonomous driving},
  volume  = {2},
  number  = {3},
  pages   = {194--220},
  doi     = {10.1109/TIV.2017.2749181},
  ISBN    = {},
  ISSN    = {2379-8904},
  year    = {2017},
  month   = {9},}

@ARTICLE{review:kunze:2018,
  author  = {Kunze, Lars and Hawes, Nick and Duckett, Tom and Hanheide, Marc and Krajník, Tomáš},
  journal = {IEEE Robotics and Automation Letters},
  title   = {Artificial intelligence for long-Term robot autonomy: a survey},
  volume  = {3},
  number  = {4},
  pages   = {4023--4030},
  doi     = {10.1109/LRA.2018.2860628},
  ISBN    = {},
  ISSN    = {2377-3766},
  year    = {2018},
  month   = {10},}

@ARTICLE{review:saeedi:2016,
  author  = {Saeedi, Sajad and Trentini, Michael and Seto, Mae and Li, Howard},
  journal = {Journal of Field Robotics},
  title   = {Multiple-robot simultaneous localization and mapping: a review},
  volume  = {33},
  number  = {1},
  pages   = {3--46},
  doi     = {10.1002/rob.21620},
  ISBN    = {},
  ISSN    = {1556-4967},
  year    = {2016},
  month   = {1},}

@ARTICLE{review:queralta:2020,
  author  = {Queralta, Jorge Peña and Taipalmaa, Jussi and Can Pullinen, Bilge and Sarker, Victor Kathan and Nguyen Gia, Tuan and Tenhunen, Hannu and Gabbouj, Moncef and Raitoharju, Jenni and Westerlund, Tomi},
  journal = {IEEE Access},
  title   = {Collaborative multi-robot search and rescue: planning, coordination, perception, and active vision},
  volume  = {8},
  number  = {},
  pages   = {191617--191643},
  doi     = {10.1109/ACCESS.2020.3030190},
  ISBN    = {},
  ISSN    = {2169-3536},
  year    = {2020},
  month   = {},}

@INPROCEEDINGS{review:zaffar:2018,
  author    = {Zaffar, Mubariz and Ehsan, Shoaib and Stolkin, Rustam and Maier, Klaus McDonald},
  booktitle = {2018 NASA/ESA Conference on Adaptive Hardware and Systems (AHS)},
  title     = {Sensors, SLAM and Long-term Autonomy: A Review},
  volume    = {},
  number    = {},
  pages     = {285--290},
  doi       = {10.1109/AHS.2018.8541483},
  ISBN      = {},
  ISSN      = {2471-769X},
  publisher = {IEEE},
  address   = {Edinburgh, UK},
  year      = {2018},
  month     = {8},}



%% BOOKS

@BOOK{book:probabilistic-robotics,
  author    = {S. Thrun and W. Burgard and D. Fox},
  editor    = {},
  title     = {Probabilistic robotics},
  publisher = {The MIT Press},
  year      = {2005},
  doi       = {},
  issn      = {},
  isbn      = {978-0-262-20162-9},
}

@BOOK{book:handbook-robotics,
  author    = {C. Stachniss and J. Leonard and S. Thrun},
  editor    = {},
  title     = {Springer handbook of robotics},
  chapter   = {46},
  pages     = {1153--1176},
  publisher = {Springer-Verlag},
  year      = {2016},
  doi       = {},
  issn      = {},
  isbn      = {},
}

@BOOK{book:intro-robotics,
  author    = {Roland Siegwart and Illah R. Nourbakhsh and Davide Scaramuzza},
  editor    = {},
  title     = {Introduction to autonomous mobile robots},
  publisher = {The MIT Press},
  year      = {2004},
  doi       = {},
  issn      = {},
  isbn      = {978-0-262-01535-6},
}


%%%%%%%%%%%%%%%%%%%%%%%%%%%%%%%%%%%%%%%%%%%%%%%%%%%%%%%%%%%%%%%%%%%%%%%%%%%%%%%%
%% A SYSTEMATIC LITERATURE REVIEW ON
%% LONG-TERM LOCALIZATION AND MAPPING
%% FOR MOBILE ROBOTS
%%%%%%%%%%%%%%%%%%%%%%%%%%%%%%%%%%%%%%%%%%%%%%%%%%%%%%%%%%%%%%%%%%%%%%%%%%%%%%%%
%% >> Records included in the review
%%%%%%%%%%%%%%%%%%%%%%%%%%%%%%%%%%%%%%%%%%%%%%%%%%%%%%%%%%%%%%%%%%%%%%%%%%%%%%%%

@conference{ali-et-al:2020:3389033,
  author = {Ali J. Ben Ali and Zakieh Sadat Hashemifar and Karthik Dantu},
  journal = {MobiSys 2020 - Proceedings of the 18th International Conference on Mobile Systems, Applications, and Services},
  title = {{Edge-SLAM}: Edge-assisted visual simultaneous localization and mapping},
  pages = {325--337},
  doi = {10.1145/3386901.3389033},
  year = {2020},
}

@article{davison-murray:2002:1017615,
  author = {Andrew J. Davison and David W. Murray},
  journal = {IEEE Transactions on Pattern Analysis and Machine Intelligence},
  title = {Simultaneous localization and map-building using active vision},
  volume = {24},
  number = {7},
  pages = {865--880},
  doi = {10.1109/TPAMI.2002.1017615},
  year = {2002},
}

@conference{glover-et-al:2010:5509547,
  author = {Arren J. Glover and William P. Maddern and Michael J. Milford and Gordon F. Wyeth},
  journal = {2010 IEEE International Conference on Robotics and Automation (ICRA)},
  title = {{FAB-MAP} + {RatSLAM}: Appearance-based {SLAM} for multiple times of day},
  pages = {3507--3512},
  doi = {10.1109/ROBOT.2010.5509547},
  year = {2010},
}

@article{kawewong-et-al:2013:826410,
  author = {Aram Kawewong and Noppharit Tongprasit and Osamu Hasegawa},
  journal = {Advanced Robotics},
  title = {A speeded-up online incremental vision-based loop-closure detection for long-term {SLAM}},
  volume = {27},
  number = {17},
  pages = {1325--1336},
  doi = {10.1080/01691864.2013.826410},
  year = {2013},
}

@article{schaefer-et-al:2021:103709,
  author = {Alexander Schaefer and Daniel Büscher and Johan Vertens and Lukas Luft and Wolfram Burgard},
  journal = {Robotics and Autonomous Systems},
  title = {Long-term vehicle localization in urban environments based on pole landmarks extracted from 3-{D} lidar scans},
  volume = {136},
  pages = {103709},
  doi = {10.1016/j.robot.2020.103709},
  year = {2021},
}

@conference{walcott-bryant-et-al:2012:6385561,
  author = {Aisha Walcott-Bryant and Michael Kaess and Hordur Johannsson and John J. Leonard},
  journal = {2012 IEEE/RSJ International Conference on Intelligent Robots and Systems (IROS)},
  title = {Dynamic pose graph {SLAM}: Long-term mapping in low dynamic environments},
  pages = {1871--1878},
  doi = {10.1109/IROS.2012.6385561},
  year = {2012},
}

@article{bacca-et-al:2013:003,
  author = {Bladimir Bacca and Joaquím Salví and Xavier Cufí},
  journal = {Robotics and Autonomous Systems},
  title = {Long-term mapping and localization using feature stability histograms},
  volume = {61},
  number = {12},
  pages = {1539--58},
  doi = {10.1016/j.robot.2013.07.003},
  year = {2013},
}

@article{bescos-et-al:2018:2860039,
  author = {Berta Bescos and José M. Fácil and Javier Civera and José Neira},
  journal = {IEEE Robotics and Automation Letters},
  title = {Dyna{SLAM}: Tracking, Mapping, and Inpainting in Dynamic Scenes},
  volume = {3},
  number = {4},
  pages = {4076--4083},
  doi = {10.1109/LRA.2018.2860039},
  year = {2018},
}

@inproceedings{liu-et-al:2021:9561126,
  author = {Bingxi Liu and Fulin Tang and Yujie Fu and Yanqun Yang and Yihong Wu},
  journal = {2021 IEEE International Conference on Robotics and Automation (ICRA)},
  title = {A Flexible and Efficient Loop Closure Detection Based on Motion Knowledge},
  pages = {11241--7},
  doi = {10.1109/ICRA48506.2021.9561126},
  year = {2021},
}

@article{kim-et-al:2021:3047421,
  author = {Chansoo Kim and Sungjin Cho and Myoungho Sunwoo and Paulo Resende and Benazouz Bradaï and Kichun Jo},
  journal = {IEEE Access},
  title = {A Geodetic Normal Distribution Map for Long-Term {LiDAR} Localization on Earth},
  volume = {9},
  pages = {470--484},
  doi = {10.1109/ACCESS.2020.3047421},
  year = {2021},
}

@article{qin-et-al:2020:103561,
  author = {Cao Qin and Yunzhou Zhang and Yan Liu and Sonya Coleman and Dermot Kerr and Guanghao Lv},
  journal = {Robotics and Autonomous Systems},
  title = {Appearance-invariant place recognition by adversarially learning disentangled representation},
  volume = {131},
  pages = {103561},
  doi = {10.1016/j.robot.2020.103561},
  year = {2020},
}

@conference{yu-et-al:2019:8961714,
  author = {Chao Yu and ZuXin Liu and Xin-Jun Liu and Fei Qiao and Yu Wang and Fugui Xie and Qi Wei and Yi Yang},
  journal = {2019 IEEE International Conference on Robotics and Biomimetics (ROBIO)},
  title = {A {D}ense{N}et feature-based loop closure method for visual {SLAM} system},
  pages = {258--265},
  doi = {10.1109/ROBIO49542.2019.8961714},
  year = {2019},
}

@article{ball-et-al:2013:9,
  author = {David Ball and Scott Heath and Janet Wiles and Gordon F. Wyeth and Peter Corke and Michael J. Milford},
  journal = {Autonomous Robots},
  title = {{OpenRatSLAM}: An open source brain-based {SLAM} system},
  volume = {34},
  number = {3},
  pages = {149--176},
  doi = {10.1007/s10514-012-9317-9},
  year = {2013},
}

@article{martini-et-al:2020:s20216002,
  author = {Daniele De Martini and Matthew Gadd and Paul Newman},
  journal = {Sensors},
  title = {k{R}adar++: Coarse-to-fine {FMCW} scanning radar localisation},
  volume = {20},
  number = {21},
  pages = {1--23},
  doi = {10.3390/s20216002},
  year = {2020},
}

@conference{filliat:2007:364080,
  author = {David Filliat},
  journal = {2007 IEEE International Conference on Robotics and Automation (ICRA)},
  title = {A visual bag of words method for interactive qualitative localization and mapping},
  pages = {3921--3926},
  doi = {10.1109/ROBOT.2007.364080},
  year = {2007},
}

@conference{opdenbosch-et-al:2018:00114,
  author = {Dominik Van Opdenbosch and Tamay Aykut and Martin Oelsch and Nicolas Alt and Eckehard Steinbach},
  journal = {2018 IEEE Winter Conference on Applications of Computer Vision (WACV)},
  title = {Efficient Map Compression for Collaborative Visual {SLAM}},
  volume = {2018-January},
  pages = {992--1000},
  doi = {10.1109/WACV.2018.00114},
  year = {2018},
}

@article{derner-et-al:2021:103676,
  author = {Erik Derner and Clara Gomez and Alejandra C. Hernandez and Ramon Barber and Robert Babuška},
  journal = {Robotics and Autonomous Systems},
  title = {Change detection using weighted features for image-based localization},
  volume = {135},
  pages = {103676},
  doi = {10.1016/j.robot.2020.103676},
  year = {2021},
}

@conference{einhorn-gross:2013:6698849,
  author = {Erik Einhorn and Horst-Michael Gross},
  journal = {2013 European Conference on Mobile Robots (ECMR)},
  title = {Generic 2{D}/3{D} {SLAM} with {NDT} maps for lifelong application},
  pages = {240--247},
  doi = {10.1109/ECMR.2013.6698849},
  year = {2013},
}

@article{einhorn-gross:2015:008,
  author = {Erik Einhorn and Horst-Michael Gross},
  journal = {Robotics and Autonomous Systems},
  title = {Generic {NDT} mapping in dynamic environments and its application for lifelong {SLAM}},
  volume = {69},
  number = {1},
  pages = {28--39},
  doi = {10.1016/j.robot.2014.08.008},
  year = {2015},
}

@article{boniardi-et-al:2019:003,
  author = {Federico Boniardi and Tim Caselitz and Rainer Kümmerle and Wolfram Burgard},
  journal = {Robotics and Autonomous Systems},
  title = {A pose graph-based localization system for long-term navigation in {CAD} floor plans},
  volume = {112},
  pages = {84--97},
  doi = {10.1016/j.robot.2018.11.003},
  year = {2019},
}

@article{cao-et-al:2021:2962416,
  author = {Fengkui Cao and Fei Yan and Sen Wang and Yan Zhuang and Wei Wang},
  journal = {IEEE Transactions on Industrial Electronics},
  title = {Season-Invariant and Viewpoint-Tolerant {LiDAR} Place Recognition in {GPS}-Denied Environments},
  volume = {68},
  number = {1},
  pages = {563--74},
  doi = {10.1109/TIE.2019.2962416},
  year = {2021},
}

@article{cao-et-al:2018:2815956,
  author = {Fengkui Cao and Yan Zhuang and Hong Zhang and Wei Wang},
  journal = {IEEE Sensors Journal},
  title = {Robust Place Recognition and Loop Closing in Laser-Based {SLAM} for {UGV}s in Urban Environments},
  volume = {18},
  number = {10},
  pages = {4242--4252},
  doi = {10.1109/JSEN.2018.2815956},
  year = {2018},
}

@article{dayoub-et-al:2011:013,
  author = {Feras Dayoub and Grzegorz Cielniak and Tom Duckett},
  journal = {Robotics and Autonomous Systems},
  title = {Long-term experiments with an adaptive spherical view representation for navigation in changing environments},
  volume = {59},
  number = {5},
  pages = {285--295},
  doi = {10.1016/j.robot.2011.02.013},
  year = {2011},
}

@article{han-et-al:2018:3,
  author = {Fei Han and Hua Wang and Guoquan Huang and Hao Zhang},
  journal = {Autonomous Robots},
  title = {Sequence-based sparse optimization methods for long-term loop closure detection in visual {SLAM}},
  volume = {42},
  number = {7},
  pages = {1323--1335},
  doi = {10.1007/s10514-018-9736-3},
  year = {2018},
}

@article{han-et-al:2018:2856274,
  author = {Fei Han and Saad El Beleidy and Hua Wang and Cang Ye and Hao Zhang},
  journal = {IEEE Robotics and Automation Letters},
  title = {Learning of Holism-Landmark graph embedding for place recognition in Long-Term autonomy},
  volume = {3},
  number = {4},
  pages = {3669--3676},
  doi = {10.1109/LRA.2018.2856274},
  year = {2018},
}

@article{han-et-al:2017:2662061,
  author = {Fei Han and Xue Yang and Yiming Deng and Mark Rentschler and Dejun Yang and Hao Zhang},
  journal = {IEEE Robotics and Automation Letters},
  title = {{SRAL}: Shared Representative Appearance Learning for Long-Term Visual Place Recognition},
  volume = {2},
  number = {2},
  pages = {1172--1179},
  doi = {10.1109/LRA.2017.2662061},
  year = {2017},
}

@conference{nobre-et-al:2018:8461111,
  author = {Fernando Nobre and Christoffer Heckman and Paul Ozog and Ryan W. Wolcott and Jeffrey M. Walls},
  journal = {2018 IEEE International Conference on Robotics and Automation (ICRA)},
  title = {Online probabilistic change detection in feature-based maps},
  pages = {3661--3668},
  doi = {10.1109/ICRA.2018.8461111},
  year = {2018},
}

@conference{pomerleau-et-al:2014:6907397,
  author = {Francois Pomerleau and Philipp Krüsi and Francis Colas and Paul Furgale and Roland Siegwart},
  journal = {2014 IEEE International Conference on Robotics and Automation (ICRA)},
  title = {Long-term 3{D} map maintenance in dynamic environments},
  pages = {3712--3719},
  doi = {10.1109/ICRA.2014.6907397},
  year = {2014},
}

@article{tipaldi-et-al:2013:0278364913502830,
  author = {Gian Diego Tipaldi and Daniel Meyer-Delius and Wolfram Burgard},
  journal = {International Journal of Robotics Research},
  title = {Lifelong localization in changing environments},
  volume = {32},
  number = {14},
  pages = {1662--1678},
  doi = {10.1177/0278364913502830},
  year = {2013},
}

@conference{huang-et-al:2013:6698835,
  author = {Guoquan Huang and Michael Kaess and John J. Leonard},
  journal = {2013 European Conference on Mobile Robots (ECMR)},
  title = {Consistent sparsification for graph optimization},
  pages = {150--157},
  doi = {10.1109/ECMR.2013.6698835},
  year = {2013},
}

@article{kim-et-al:2019:2897340,
  author = {Giseop Kim and Byungjae Park and Ayoung Kim},
  journal = {IEEE Robotics and Automation Letters},
  title = {1-Day Learning, 1-Year Localization: Long-Term {LiDAR} Localization Using Scan Context Image},
  volume = {4},
  number = {2},
  pages = {1948--1955},
  doi = {10.1109/LRA.2019.2897340},
  year = {2019},
}

@conference{kurz-et-al:2021:9636530,
  author = {Gerhard Kurz and Matthias Holoch and Peter Biber},
  journal = {2021 IEEE/RSJ International Conference on Intelligent Robots and Systems (IROS)},
  title = {Geometry-based Graph Pruning for Lifelong {SLAM}},
  pages = {3313--3320},
  doi = {10.1109/IROS51168.2021.9636530},
  year = {2021},
}

@conference{singh-et-al:2021:9564866,
  author = {Gaurav Singh and Meiqing Wu and Siew-Kei Lam and Do Van Minh},
  journal = {2021 IEEE International Intelligent Transportation Systems Conference (ITSC)},
  title = {Hierarchical Loop Closure Detection for Long-term Visual {SLAM} with Semantic-Geometric Descriptors},
  volume = {2021-September},
  pages = {2909--2916},
  doi = {10.1109/ITSC48978.2021.9564866},
  year = {2021},
}

@article{hu-et-al:2022:1003907,
  author = {Hanjiang Hu and Hesheng Wang and Zhe Liu and Weidong Chen},
  journal = {IEEE/CAA Journal of Automatica Sinica},
  title = {Domain-Invariant Similarity Activation Map Contrastive Learning for Retrieval-Based Long-Term Visual Localization},
  volume = {9},
  number = {2},
  pages = {313--328},
  doi = {10.1109/JAS.2021.1003907},
  year = {2022},
}

@conference{johannsson-et-al:2013:6630556,
  author = {Hordur Johannsson and Michael Kaess and Maurice Fallon and John J. Leonard},
  journal = {2013 IEEE International Conference on Robotics and Automation (ICRA)},
  title = {Temporally scalable visual {SLAM} using a reduced pose graph},
  pages = {54--61},
  doi = {10.1109/ICRA.2013.6630556},
  year = {2013},
}

@article{karaoguz-bozma:2016:4,
  author = {Hakan Karaoğuz and H. Işil Bozma},
  journal = {Autonomous Robots},
  title = {An integrated model of autonomous topological spatial cognition},
  volume = {40},
  number = {8},
  pages = {1379--1402},
  doi = {10.1007/s10514-015-9514-4},
  year = {2016},
}

@article{karaoguz-bozma:2020:2,
  author = {Hakan Karaoğuz and H. Işil Bozma},
  journal = {Autonomous Robots},
  title = {Merging of appearance-based place knowledge among multiple robots},
  volume = {44},
  number = {6},
  pages = {1009--1027},
  doi = {10.1007/s10514-020-09911-2},
  year = {2020},
}

@article{kretzschmar-stachniss:2012:0278364912455072,
  author = {Henrik Kretzschmar and Cyrill Stachniss},
  journal = {International Journal of Robotics Research},
  title = {Information-theoretic compression of pose graphs for laser-based {SLAM}},
  volume = {31},
  number = {11},
  pages = {1219--1230},
  doi = {10.1177/0278364912455072},
  year = {2012},
}

@conference{kretzschmar-et-al:2011:6048060,
  author = {Henrik Kretzschmar and Cyrill Stachniss and Giorgio Grisetti},
  journal = {2011 IEEE/RSJ International Conference on Intelligent Robots and Systems (IROS)},
  title = {Efficient information-theoretic graph pruning for graph-based {SLAM} with laser range finders},
  pages = {865--871},
  doi = {10.1109/IROS.2011.6094414},
  year = {2011},
}

@article{kretzschmar-et-al:2010:2,
  author = {Henrik Kretzschmar and Giorgio Grisetti and Cyrill Stachniss},
  journal = {KI - Kunstliche Intelligenz},
  title = {Lifelong Map Learning for Graph-based {SLAM} in Static Environments},
  volume = {24},
  number = {3},
  pages = {199--206},
  doi = {10.1007/s13218-010-0034-2},
  year = {2010},
}

@conference{thomas-et-al:2021:9561701,
  author = {Hugues Thomas and Ben Agro and Mona Gridseth and Jian Zhang and Timothy D. Barfoot},
  journal = {2021 IEEE International Conference on Robotics and Automation (ICRA)},
  title = {Self-Supervised Learning of {L}idar Segmentation for Autonomous Indoor Navigation},
  volume = {2021-May},
  pages = {14047--14053},
  doi = {10.1109/ICRA48506.2021.9561701},
  year = {2021},
}

@article{yin-et-al:2021:661199,
  author = {Huan Yin and Xuecheng Xu and Yue Wang and Rong Xiong},
  journal = {Frontiers in Robotics and AI},
  title = {Radar-to-{L}idar: Heterogeneous Place Recognition via Joint Learning},
  volume = {8},
  pages = {661199},
  doi = {10.3389/frobt.2021.661199},
  year = {2021},
}

@article{yin-et-al:2020:2905046,
  author = {Huan Yin and Yue Wang and Xiaqing Ding and Li Tang and Shoudong Huang and Rong Xiong},
  journal = {IEEE Transactions on Intelligent Transportation Systems},
  title = {3{D} {LiDAR}-Based Global Localization Using Siamese Neural Network},
  volume = {21},
  number = {4},
  pages = {1380--1392},
  doi = {10.1109/TITS.2019.2905046},
  year = {2020},
}

@article{zhang-et-al:2018:1729881418780178,
  author = {Hui Zhang and Xieyuanli Chen and Huimin Lu and Junhao Xiao},
  journal = {International Journal of Advanced Robotic Systems},
  title = {Distributed and collaborative monocular simultaneous localization and mapping for multi-robot systems in large-scale environments},
  volume = {15},
  number = {3},
  doi = {10.1177/1729881418780178},
  year = {2018},
}

@article{biswas-veloso:2013:0278364913503892,
  author = {Joydeep Biswas and Manuela M. Veloso},
  journal = {International Journal of Robotics Research},
  title = {Localization and navigation of the {C}o{B}ots over long-term deployments},
  volume = {32},
  number = {14},
  pages = {1679--1694},
  doi = {10.1177/0278364913503892},
  year = {2013},
}

@article{biswas-veloso:2017:005,
  author = {Joydeep Biswas and Manuela M. Veloso},
  journal = {Robotics and Autonomous Systems},
  title = {Episodic non-{M}arkov localization},
  volume = {87},
  pages = {162--176},
  doi = {10.1016/j.robot.2016.09.005},
  year = {2017},
}

@article{coulin-et-al:2022:3136241,
  author = {Jade Coulin and Richard Guillemard and Vincent Gay-Bellile and Cyril Joly and Arnaud de La Fortelle},
  journal = {IEEE Robotics and Automation Letters},
  title = {Tightly-Coupled Magneto-Visual-Inertial Fusion for Long Term Localization in Indoor Environment},
  volume = {7},
  number = {2},
  pages = {952--959},
  doi = {10.1109/LRA.2021.3136241},
  year = {2022},
}

@inproceedings{li-et-al:2015:7139706,
  author = {Jie Li and Ryan M. Eustice and Matthew Johnson-Roberson},
  booktitle = {2015 IEEE International Conference on Robotics and Automation (ICRA)},
  title = {High-Level Visual Features for Underwater Place Recognition},
  pages = {3652--3659},
  doi = {10.1109/ICRA.2015.7139706},
  year = {2015},
}

@article{santos-et-al:2016:2516594,
  author = {João Machado Santos and Tomáš Krajník and Jaime Pulido Fentanes and Tom Duckett},
  journal = {IEEE Robotics and Automation Letters},
  title = {Lifelong Information-Driven Exploration to Complete and Refine 4-{D} Spatio-Temporal Maps},
  volume = {1},
  number = {2},
  pages = {684--691},
  doi = {10.1109/LRA.2016.2516594},
  year = {2016},
}

@conference{oberländer-et-al:2013:6766479,
  author = {Jan Oberländer and Arne Roennau and Rüdiger Dillmann},
  journal = {2013 16th International Conference on Advanced Robotics (ICAR)},
  title = {Hierarchical {SLAM} using spectral submap matching with opportunities for long-term operation},
  pages = {1--7},
  doi = {10.1109/ICAR.2013.6766479},
  year = {2013},
}

@article{oh-eoh:2021:app11198976,
  author = {Junghyun Oh and Gyuho Eoh},
  journal = {Applied Sciences},
  title = {Variational {B}ayesian approach to condition-invariant feature extraction for visual place recognition},
  volume = {11},
  number = {19},
  pages = {8976},
  doi = {10.3390/app11198976},
  year = {2021},
}

@article{saarinen-et-al:2013:0278364913499415,
  author = {Jari P. Saarinen and Henrik Andreasson and Todor Stoyanov and Achim J. Lilienthal},
  journal = {International Journal of Robotics Research},
  title = {3{D} normal distributions transform occupancy maps: An efficient representation for mapping in dynamic environments},
  volume = {32},
  number = {14},
  pages = {1627--44},
  doi = {10.1177/0278364913499415},
  year = {2013},
}

@article{pérez-et-al:2015:y,
  author = {Javier Pérez and Fernando Caballero and Luis Merino},
  journal = {Journal of Intelligent and Robotic Systems: Theory and Applications},
  title = {Enhanced {M}onte {C}arlo Localization with Visual Place Recognition for Robust Robot Localization},
  volume = {80},
  number = {3-4},
  pages = {641--656},
  doi = {10.1007/s10846-015-0198-y},
  year = {2015},
}

@conference{berrio-et-al:2019:8814289,
  author = {Julie Stephany Berrio and James Ward and Stewart Worrall and Eduardo Nebot},
  journal = {2019 IEEE Intelligent Vehicles Symposium (IV)},
  title = {Identifying robust landmarks in feature-based maps},
  volume = {2019-June},
  pages = {1166--1172},
  doi = {10.1109/IVS.2019.8814289},
  year = {2019},
}

@article{berrio-et-al:2021:3094485,
  author = {Julie Stephany Berrio and Stewart Worrall and M. Shan and Eduardo Nebot},
  journal = {IEEE Transactions on Intelligent Transportation Systems},
  title = {Long-Term Map Maintenance Pipeline for Autonomous Vehicles},
  doi = {10.1109/TITS.2021.3094485},
  year = {2021},
}

@inproceedings{zhu-et-al:2018:8500686,
  author = {Jianliang Zhu and Yunfeng Ai and Bin Tian and Dongpu Cao and Sebastian Scherer},
  journal = {2018 IEEE Intelligent Vehicles Symposium (IV)},
  title = {Visual Place Recognition in Long-term and Large-scale Environment based on {CNN} Feature},
  pages = {1679--85},
  doi = {10.1109/IVS.2018.8500686},
  year = {2018},
}

@article{tsintotas-et-al:2021:103782,
  author = {Konstantinos A. Tsintotas and Loukas Bampis and Antonios Gasteratos},
  journal = {Robotics and Autonomous Systems},
  title = {Modest-vocabulary loop-closure detection with incremental bag of tracked words},
  volume = {141},
  pages = {103782},
  doi = {10.1016/j.robot.2021.103782},
  year = {2021},
}

@conference{ikeda-tanaka:2010:5509579,
  author = {Kouichirou Ikeda and Tanaka Kanji},
  journal = {2010 IEEE International Conference on Robotics and Automation (ICRA)},
  title = {Visual robot localization using compact binary landmarks},
  pages = {4397--4403},
  doi = {10.1109/ROBOT.2010.5509579},
  year = {2010},
}

@conference{konolige-bowman:2009:5354121,
  author = {Kurt Konolige and James Bowman},
  journal = {2009 IEEE/RSJ International Conference on Intelligent Robots and Systems (IROS)},
  title = {Towards lifelong visual maps},
  pages = {1156--1163},
  doi = {10.1109/IROS.2009.5354121},
  year = {2009},
}

@article{mactavish-et-al:2018:21838,
  author = {Kirk MacTavish and Michael Paton and Timothy D. Barfoot},
  journal = {Journal of Field Robotics},
  title = {Selective memory: Recalling relevant experience for long-term visual localization},
  volume = {35},
  number = {8},
  pages = {1265--1292},
  doi = {10.1002/rob.21838},
  year = {2018},
}

@conference{pirker-et-al:2011:6048253,
  author = {Katrin Pirker and Matthias Rüther and Horst Bischof},
  journal = {2011 IEEE/RSJ International Conference on Intelligent Robots and Systems (IROS)},
  title = {{CD} {SLAM} - Continuous localization and mapping in a dynamic world},
  pages = {3990--3997},
  doi = {10.1109/IROS.2011.6048253},
  year = {2011},
}

@conference{wang-et-al:2019:8793499,
  author = {Kai Wang and Yimin Lin and Luowei Wang and Liming Han and Minjie Hua and Xiang Wang and Shiguo Lian and Bill Huang},
  journal = {2019 IEEE International Conference on Robotics and Automation (ICRA)},
  title = {A unified framework for mutual improvement of {SLAM} and semantic segmentation},
  volume = {2019-May},
  pages = {5224--5230},
  doi = {10.1109/ICRA.2019.8793499},
  year = {2019},
}

@article{zhang-et-al:2022:3086822,
  author = {Kaining Zhang and Xingyu Jiang and Jiayi Ma},
  journal = {IEEE Transactions on Intelligent Transportation Systems},
  title = {Appearance-Based Loop Closure Detection via Locality-Driven Accurate Motion Field Learning},
  volume = {23},
  number = {3},
  pages = {2350--2365},
  doi = {10.1109/TITS.2021.3086822},
  year = {2022},
}

@article{clement-et-al:2020:2967659,
  author = {Lee Clement and Mona Gridseth and Justin Tomasi and Jonathan Kelly},
  journal = {IEEE Robotics and Automation Letters},
  title = {Learning Matchable Image Transformations for Long-Term Metric Visual Localization},
  volume = {5},
  number = {2},
  pages = {1492--1499},
  doi = {10.1109/LRA.2020.2967659},
  year = {2020},
}

@conference{camara-et-al:2020:9196967,
  author = {Luis G. Camara and Carl Gäbert and Libor Přeučil},
  journal = {2020 IEEE International Conference on Robotics and Automation (ICRA)},
  title = {Highly Robust Visual Place Recognition Through Spatial Matching of {CNN} Features},
  pages = {3748--3755},
  doi = {10.1109/ICRA40945.2020.9196967},
  year = {2020},
}

@conference{murphy-sibley:2014:6907022,
  author = {Liz Murphy and Gabe Sibley},
  journal = {2014 IEEE International Conference on Robotics and Automation (ICRA)},
  title = {Incremental unsupervised topological place discovery},
  pages = {1312--1318},
  doi = {10.1109/ICRA.2014.6907022},
  year = {2014},
}

@conference{sun-et-al:2021:9635886,
  author = {Li Sun and Marwan Taher and Christopher Wild and Cheng Zhao and Yu Zhang and Filip Majer and Zhi Yan and Tomáš Krajník and Tony Prescott and Tom Duckett},
  journal = {2021 IEEE/RSJ International Conference on Intelligent Robots and Systems (IROS)},
  title = {Robust and Long-term Monocular Teach and Repeat Navigation using a Single-experience Map},
  pages = {2635--2642},
  doi = {10.1109/IROS51168.2021.9635886},
  year = {2021},
}

@article{sun-et-al:2018:2856268,
  author = {L. Sun and Zhi Yan and Anestis Zaganidis and Cheng Zhao and Tom Duckett},
  journal = {IEEE Robotics and Automation Letters},
  title = {Recurrent-{O}cto{M}ap: Learning State-Based Map Refinement for Long-Term Semantic Mapping with 3-{D}-{L}idar Data},
  volume = {3},
  number = {4},
  pages = {3749--3756},
  doi = {10.1109/LRA.2018.2856268},
  year = {2018},
}

@article{tang-et-al:2021:17298814211037497,
  author = {Li Tang and Yue Wang and Qimeng Tan and Rong Xiong},
  journal = {International Journal of Advanced Robotic Systems},
  title = {Explicit feature disentanglement for visual place recognition across appearance changes},
  volume = {18},
  number = {6},
  doi = {10.1177/17298814211037497},
  year = {2021},
}

@article{tang-et-al:2019:7,
  author = {Li Tang and Yue Wang and Xiaqing Ding and Huan Yin and Rong Xiong and Shoudong Huang},
  journal = {Autonomous Robots},
  title = {Topological local-metric framework for mobile robots navigation: a long term perspective},
  volume = {43},
  number = {1},
  pages = {197--211},
  doi = {10.1007/s10514-018-9724-7},
  year = {2019},
}

@conference{wang-et-al:2020:9468884,
  author = {Lisai Wang and Weidong Chen and Jingchuan Wang},
  journal = {2020 IEEE/RSJ International Conference on Intelligent Robots and Systems (IROS)},
  title = {Long-term localization with time series map prediction for mobile robots in dynamic environments},
  volume = {2020-January},
  pages = {8587--8593},
  doi = {10.1109/IROS45743.2020.9468884},
  year = {2020},
}

@conference{wu-wu:2019:8968599,
  author = {Lang Wu and Yihong Wu},
  journal = {2019 IEEE/RSJ International Conference on Intelligent Robots and Systems (IROS)},
  title = {Deep Supervised Hashing with Similar Hierarchy for Place Recognition},
  pages = {3781--3786},
  doi = {10.1109/IROS40897.2019.8968599},
  year = {2019},
}

@article{bosse-zlot:2009:009,
  author = {Michael Bosse and Robert Zlot},
  journal = {Robotics and Autonomous Systems},
  title = {Keypoint design and evaluation for place recognition in 2{D} lidar maps},
  volume = {57},
  number = {12},
  pages = {1211--1224},
  doi = {10.1016/j.robot.2009.07.009},
  year = {2009},
}

@article{bürki-et-al:2019:21870,
  author = {Mathias Bürki and Cesar Cadena and Igor Gilitschenski and Roland Siegwart and Juan Nieto},
  journal = {Journal of Field Robotics},
  title = {Appearance-based landmark selection for visual localization},
  volume = {36},
  number = {6},
  pages = {1041--1073},
  doi = {10.1002/rob.21870},
  year = {2019},
}

@conference{dymczyk-et-al:2016:66,
  author = {Marcin Dymczyk and Elena Stumm and Juan Nieto and Roland Siegwart and Igor Gilitschenski},
  journal = {2016 International Conference on 3D Vision (3DV)},
  title = {Will it last? {L}earning stable features for long-term visual localization},
  pages = {572--581},
  doi = {10.1109/3DV.2016.66},
  year = {2016},
}

@conference{dymczyk-et-al:2015:7139575,
  author = {Marcin Dymczyk and Simon Lynen and Titus Cieslewski and Michael Bosse and Roland Siegwart and Paul Furgale},
  journal = {2015 IEEE International Conference on Robotics and Automation (ICRA)},
  title = {The gist of maps - Summarizing experience for lifelong localization},
  volume = {2015-June},
  number = {June},
  pages = {2767--2773},
  doi = {10.1109/ICRA.2015.7139575},
  year = {2015},
}

@conference{dymczyk-et-al:2016:7759673,
  author = {Marcin Dymczyk and Thomas Schneider and Igor Gilitschenski and Roland Siegwart and Elena Stumm},
  journal = {2016 IEEE/RSJ International Conference on Intelligent Robots and Systems (IROS)},
  title = {Erasing bad memories: Agent-side summarization for long-term mapping},
  volume = {2016-November},
  pages = {4572--4579},
  doi = {10.1109/IROS.2016.7759673},
  year = {2016},
}

@conference{gadd-newman:2016:7759843,
  author = {Matthew Gadd and Paul Newman},
  journal = {2016 IEEE/RSJ International Conference on Intelligent Robots and Systems (IROS)},
  title = {Checkout my map: Version control for fleetwide visual localisation},
  volume = {2016-November},
  pages = {5729--5736},
  doi = {10.1109/IROS.2016.7759843},
  year = {2016},
}

@article{labbé-michaud:2019:21831,
  author = {Mathieu Labbé and François Michaud},
  journal = {Journal of Field Robotics},
  title = {{RTAB}-{M}ap as an open-source lidar and visual simultaneous localization and mapping library for large-scale and long-term online operation},
  volume = {36},
  number = {2},
  pages = {416--446},
  doi = {10.1002/rob.21831},
  year = {2019},
}

@article{mazuran-et-al:2016:0278364915581629,
  author = {Mladen Mazuran and Wolfram Burgard and Gian Diego Tipaldi},
  journal = {International Journal of Robotics Research},
  title = {Nonlinear factor recovery for long-term {SLAM}},
  volume = {35},
  number = {1-3},
  pages = {50--72},
  doi = {10.1177/0278364915581629},
  year = {2016},
}

@conference{mohan-et-al:2015:7139966,
  author = {Mahesh Mohan and Dorian Gálvez-López and Claire Monteleoni and Gabe Sibley},
  journal = {2015 IEEE International Conference on Robotics and Automation (ICRA)},
  title = {Environment selection and hierarchical place recognition},
  volume = {2015-June},
  number = {June},
  pages = {5487--5494},
  doi = {10.1109/ICRA.2015.7139966},
  year = {2015},
}

@inproceedings{rapp-et-al:2015:77,
  author = {Matthias Rapp and Markus Hahn and Markus Thom and Jürgen Dickmann and Klaus Dietmayer},
  booktitle = {2015 IEEE International Intelligent Transportation Systems Conference (ITSC)},
  title = {Semi-{M}arkov Process Based Localization using radar in Dynamic Environments},
  pages = {423--429},
  doi = {10.1109/ITSC.2015.77},
  year = {2015},
}

@conference{lázaro-et-al:2018:8594310,
  author = {María T. Lázaro and Roberto Capobianco and Giorgio Grisetti},
  journal = {2018 IEEE/RSJ International Conference on Intelligent Robots and Systems (IROS)},
  title = {Efficient Long-term Mapping in Dynamic Environments},
  pages = {153--160},
  doi = {10.1109/IROS.2018.8594310},
  year = {2018},
}

@conference{zhang-et-al:2019:8814347,
  author = {Mingming Zhang and Yiming Chen and Mingyang Li},
  journal = {2019 American Control Conference (ACC)},
  title = {{SDF}-{L}oc: Signed distance Field based 2{D} relocalization and map update in dynamic environments},
  volume = {2019-July},
  pages = {1997--2004},
  doi = {10.23919/acc.2019.8814347},
  year = {2019},
}

@article{carlevaris-bianco-et-al:2014:2347571,
  author = {Nicholas Carlevaris-Bianco and Michael Kaess and Ryan M. Eustice},
  journal = {IEEE Transactions on Robotics},
  title = {Generic node removal for factor-graph {SLAM}},
  volume = {30},
  number = {6},
  pages = {1371--1385},
  doi = {10.1109/TRO.2014.2347571},
  year = {2014},
}

@article{chebrolu-et-al:2018:2849603,
  author = {Nived Chebrolu and Thomas Läbe and Cyrill Stachniss},
  journal = {IEEE Robotics and Automation Letters},
  title = {Robust long-term registration of {UAV} images of crop fields for precision agriculture},
  volume = {3},
  number = {4},
  pages = {3097--3104},
  doi = {10.1109/LRA.2018.2849603},
  year = {2018},
}

@article{piasco-et-al:2021:6,
  author = {Nathan Piasco and Désiré Sidibé and Valérie Gouet-Brunet and Cédric Demonceaux},
  journal = {International Journal of Computer Vision},
  title = {Improving Image Description with Auxiliary Modality for Visual Localization in Challenging Conditions},
  volume = {129},
  number = {1},
  pages = {185--202},
  doi = {10.1007/s11263-020-01363-6},
  year = {2021},
}

@conference{zhang-et-al:2018:8460674,
  author = {Nan Zhang and Michael Warren and Timothy D. Barfoot},
  journal = {2018 IEEE International Conference on Robotics and Automation (ICRA)},
  title = {Learning Place-and-Time-Dependent Binary Descriptors for Long-Term Visual Localization},
  pages = {828--835},
  doi = {10.1109/ICRA.2018.8460674},
  year = {2018},
}

@inproceedings{vysotska-et-al:2015:7139576,
  author = {Olga Vysotska and Tayyab Naseer and Luciano Spinello and Wolfram Burgard and Cyrill Stachniss},
  journal = {2015 IEEE International Conference on Robotics and Automation (ICRA)},
  title = {Efficient and effective matching of image sequences under substantial appearance changes exploiting {GPS} priors},
  pages = {2774--9},
  doi = {10.1109/ICRA.2015.7139576},
  year = {2015},
}

@article{biber-duckett:2009:0278364908096286,
  author = {Peter Biber and Tom Duckett},
  journal = {International Journal of Robotics Research},
  title = {Experimental analysis of sample-based maps for long-term {SLAM}},
  volume = {28},
  number = {1},
  pages = {20--33},
  doi = {10.1177/0278364908096286},
  year = {2009},
}

@conference{egger-et-al:2018:8593854,
  author = {Philipp Egger and Paulo V. K. Borges and Gavin Catt and Andreas Pfrunder and Roland Siegwart and Renaud Dubé},
  journal = {2018 IEEE/RSJ International Conference on Intelligent Robots and Systems (IROS)},
  title = {Pose{M}ap: Lifelong, Multi-Environment 3{D} {LiDAR} Localization},
  pages = {3430--3437},
  doi = {10.1109/IROS.2018.8593854},
  year = {2018},
}

@conference{ganti-waslander:2019:00024,
  author = {Pranav Ganti and Steven L. Waslander},
  journal = {2019 16th Conference on Computer and Robot Vision (CRV)},
  title = {Network uncertainty informed semantic feature selection for visual {SLAM}},
  pages = {121--128},
  doi = {10.1109/CRV.2019.00024},
  year = {2019},
}

@conference{gao-zhang:2020:9196906,
  author = {Peng Gao and Hao Zhang},
  journal = {2020 IEEE International Conference on Robotics and Automation (ICRA)},
  title = {Long-term Place Recognition through Worst-case Graph Matching to Integrate Landmark Appearances and Spatial Relationships},
  pages = {1070--1076},
  doi = {10.1109/ICRA40945.2020.9196906},
  year = {2020},
}

@article{mühlfellner-et-al:2016:21595,
  author = {Peter Mühlfellner and Mathias Bürki and Michael Bosse and Wojciech Derendarz and Roland Philippsen and Paul Furgale},
  journal = {Journal of Field Robotics},
  title = {Summary Maps for Lifelong Visual Localization},
  volume = {33},
  number = {5},
  pages = {561--590},
  doi = {10.1002/rob.21595},
  year = {2016},
}

@article{neubert-et-al:2015:005,
  author = {Peer Neubert and Niko Sünderhauf and Peter Protzel},
  journal = {Robotics and Autonomous Systems},
  title = {Superpixel-based appearance change prediction for long-term navigation across seasons},
  volume = {69},
  pages = {15--27},
  doi = {10.1016/j.robot.2014.08.005},
  year = {2015},
}

@article{ozog-et-al:2016:21582,
  author = {Paul Ozog and Nicholas Carlevaris-Bianco and Ayoung Kim and Ryan M. Eustice},
  journal = {Journal of Field Robotics},
  title = {Long-term Mapping Techniques for Ship Hull Inspection and Surveillance using an Autonomous Underwater Vehicle},
  volume = {33},
  number = {3},
  pages = {265--289},
  doi = {10.1002/rob.21582},
  year = {2016},
}

@conference{schmuck-chli:2019:00071,
  author = {Patrik Schmuck and Margarita Chli},
  journal = {2019 International Conference on 3D Vision (3DV)},
  title = {On the Redundancy Detection in Keyframe-Based {SLAM}},
  pages = {594--603},
  doi = {10.1109/3DV.2019.00071},
  year = {2019},
}

@article{yin-et-al:2021:3061375,
  author = {Peng Yin and Ji Xu and Ji Zhang and Howie Choset},
  journal = {IEEE Robotics and Automation Letters},
  title = {Fusion{VLAD}: A Multi-View Deep Fusion Networks for Viewpoint-Free 3{D} Place Recognition},
  volume = {6},
  number = {2},
  pages = {2304--2310},
  doi = {10.1109/LRA.2021.3061375},
  year = {2021},
}

@conference{yin-et-al:2018:8593562,
  author = {Peng Yin and Lingyun Xu and Zhe Liu and Lu Li and Hadi Salman and Yuqing He and Weiliang Xu and Hesheng Wang and Howie Choset},
  journal = {2018 IEEE/RSJ International Conference on Intelligent Robots and Systems (IROS)},
  title = {Stabilize an Unsupervised Feature Learning for {LiDAR}-based Place Recognition},
  pages = {1162--1167},
  doi = {10.1109/IROS.2018.8593562},
  year = {2018},
}

@article{meng-et-al:2021:3062647,
  author = {Qingyu Meng and Hongyan Guo and Xiaoming Zhao and Dongpu Cao and Hong Chen},
  journal = {IEEE/ASME Transactions on Mechatronics},
  title = {Loop-Closure Detection with a Multiresolution Point Cloud Histogram Mode in {L}idar Odometry and Mapping for Intelligent Vehicles},
  volume = {26},
  number = {3},
  pages = {1307--1317},
  doi = {10.1109/TMECH.2021.3062647},
  year = {2021},
}

@article{arroyo-et-al:2018:7,
  author = {Roberto Arroyo and Pablo F. Alcantarilla and Luis M. Bergasa and Eduardo Romera},
  journal = {Autonomous Robots},
  title = {Are you {ABLE} to perform a life-long visual topological localization?},
  volume = {42},
  number = {3},
  pages = {665--85},
  doi = {10.1007/s10514-017-9664-7},
  year = {2018},
}

@article{mur-artal-et-al:2015:2463671,
  author = {Raúl Mur-Artal and J. M. M. Montiel and Juan D. Tardós},
  journal = {IEEE Transactions on Robotics},
  title = {{ORB-SLAM}: A Versatile and Accurate Monocular {SLAM} System},
  volume = {31},
  number = {5},
  pages = {1147--1163},
  doi = {10.1109/TRO.2015.2463671},
  year = {2015},
}

@article{paul-newman:2013:0278364913509859,
  author = {Rohan Paul and Paul Newman},
  journal = {International Journal of Robotics Research},
  title = {Self-help: Seeking out perplexing images for ever improving topological mapping},
  volume = {32},
  number = {14},
  pages = {1742--1766},
  doi = {10.1177/0278364913509859},
  year = {2013},
}

@article{griffith-pradalier:2017:21664,
  author = {Shane Griffith and Cédric Pradalier},
  journal = {Journal of Field Robotics},
  title = {Survey Registration for Long-Term Natural Environment Monitoring},
  volume = {34},
  number = {1},
  pages = {188--208},
  doi = {10.1002/rob.21664},
  year = {2017},
}

@conference{hochdorfer-schlegel:2009,
  author = {Siegfried Hochdorfer and Christian Schlegel},
  journal = {2009 International Conference on Advanced Robotics (ICAR)},
  title = {Towards a robust visual {SLAM} approach: Addressing the challenge of life-long operation},
  pages = {1--6},
  year = {2009},
  url = {https://ieeexplore.ieee.org/document/5174794},
}

@conference{hochdorfer-et-al:2009:5339626,
  author = {Siegfried Hochdorfer and Matthias Lutz and Christian Schlegel},
  journal = {2009 IEEE International Conference on Technologies for Practical Robot Applications (TePRA)},
  title = {Lifelong localization of a mobile service-robot in everyday indoor environments using omnidirectional vision},
  pages = {161--166},
  doi = {10.1109/TEPRA.2009.5339626},
  year = {2009},
}

@conference{luthardt-et-al:2018:8569323,
  author = {Stefan Luthardt and Volker Willert and Jürgen Adamy},
  journal = {2018 IEEE International Intelligent Transportation Systems Conference (ITSC)},
  title = {{LLama-SLAM}: Learning High-Quality Visual Landmarks for Long-Term Mapping and Localization},
  volume = {2018-November},
  pages = {2645--2652},
  doi = {10.1109/ITSC.2018.8569323},
  year = {2018},
}

@article{nuske-et-al:2009:20306,
  author = {Stephen Nuske and Jonathan Roberts and Gordon F. Wyeth},
  journal = {Journal of Field Robotics},
  title = {Robust outdoor visual localization using a three-dimensional-edge map},
  volume = {26},
  number = {9},
  pages = {728--756},
  doi = {10.1002/rob.20306},
  year = {2009},
}

@article{ouerghi-et-al:2018:s18040939,
  author = {Safa Ouerghi and Rémi Boutteau and Xavier Savatier and Fethi Tlili},
  journal = {Sensors},
  title = {Visual Odometry and Place Recognition Fusion for Vehicle Position Tracking in Urban Environments},
  volume = {18},
  number = {4},
  pages = {939},
  doi = {10.3390/s18040939},
  year = {2018},
}

@conference{siva-zhang:2018:8461042,
  author = {Sriram Siva and Hao Zhang},
  journal = {2018 IEEE International Conference on Robotics and Automation (ICRA)},
  title = {Omnidirectional multisensory perception fusion for long-term place recognition},
  pages = {5175--5181},
  doi = {10.1109/ICRA.2018.8461042},
  year = {2018},
}

@conference{siva-et-al:2020:9340992,
  author = {Sriram Siva and Zachary Nahman and Hao Zhang},
  journal = {2020 IEEE/RSJ International Conference on Intelligent Robots and Systems (IROS)},
  title = {Voxel-based representation learning for place recognition based on 3{D} point clouds},
  pages = {8351--8357},
  doi = {10.1109/IROS45743.2020.9340992},
  year = {2020},
}

@article{williams-et-al:2014:0278364914531056,
  author = {Stephen Williams and Vadim Indelman and Michael Kaess and Richard Roberts and John J. Leonard and Frank Dellaert},
  journal = {International Journal of Robotics Research},
  title = {Concurrent filtering and smoothing: A parallel architecture for real-time navigation and full smoothing},
  volume = {33},
  number = {12},
  pages = {1544--1568},
  doi = {10.1177/0278364914531056},
  year = {2014},
}

@article{yang-et-al:2020:s20082432,
  author = {Shiqiang Yang and Guohao Fan and Lele Bai and Cheng Zhao and Dexin Li},
  journal = {Sensors},
  title = {{SGC-VSLAM}: A semantic and geometric constraints {VSLAM} for dynamic indoor environments},
  volume = {20},
  number = {8},
  pages = {2432},
  doi = {10.3390/s20082432},
  year = {2020},
}

@conference{zhu-et-al:2021:9561584,
  author = {Shifan Zhu and Xinyu Zhang and Shichun Guo and Jun Li and Huaping Liu},
  journal = {2021 IEEE International Conference on Robotics and Automation (ICRA)},
  title = {Lifelong Localization in Semi-Dynamic Environment},
  volume = {2021-May},
  pages = {14389--14395},
  doi = {10.1109/ICRA48506.2021.9561584},
  year = {2021},
}

@article{an-et-al:2016:0,
  author = {Su-Yong An and Lae-Kyoung Lee and Se-Young Oh},
  journal = {Autonomous Robots},
  title = {Ceiling vision-based active {SLAM} framework for dynamic and wide-open environments},
  volume = {40},
  number = {2},
  pages = {291--324},
  doi = {10.1007/s10514-015-9453-0},
  year = {2016},
}

@article{krajník-et-al:2017:2665664,
  author = {Tomáš Krajník and Jaime Pulido Fentanes and João Machado Santos and Tom Duckett},
  journal = {IEEE Transactions on Robotics},
  title = {{FreMEn}: Frequency map enhancement for long-term mobile robot autonomy in changing environments},
  volume = {33},
  number = {4},
  pages = {964--977},
  doi = {10.1109/TRO.2017.2665664},
  year = {2017},
}

@conference{naseer-et-al:2015:7324181,
  author = {Tayyab Naseer and Benjamin Suger and Michael Ruhnke and Wolfram Burgard},
  journal = {2015 European Conference on Mobile Robots (ECMR)},
  title = {Vision-based {M}arkov localization across large perceptual changes},
  pages = {1--6},
  doi = {10.1109/ECMR.2015.7324181},
  year = {2015},
}

@inproceedings{naseer-et-al:2017:7989305,
  author = {Tayyab Naseer and Gabriel L. Oliveira and Thomas Brox and Wolfram Burgard},
  journal = {2017 IEEE International Conference on Robotics and Automation (ICRA)},
  title = {Semantics-aware visual localization under challenging perceptual conditions},
  pages = {2614--20},
  doi = {10.1109/ICRA.2017.7989305},
  year = {2017},
}

@conference{qin-et-al:2020:9340939,
  author = {Tong Qin and Tongqing Chen and Yilun Chen and Qing Su},
  journal = {2020 IEEE/RSJ International Conference on Intelligent Robots and Systems (IROS)},
  title = {{AVP-SLAM}: Semantic visual mapping and localization for autonomous vehicles in the parking lot},
  pages = {5939--5945},
  doi = {10.1109/IROS45743.2020.9340939},
  year = {2020},
}

@conference{taisho-kanji:2016:7866383,
  author = {Tsukamoto Taisho and Tanaka Kanji},
  journal = {2016 IEEE International Conference on Robotics and Biomimetics (ROBIO)},
  title = {Mining DCNN landmarks for long-term visual {SLAM}},
  pages = {570--576},
  doi = {10.1109/ROBIO.2016.7866383},
  year = {2016},
}

@article{zeng-si:2021:6,
  author = {Taiping Zeng and Bailu Si},
  journal = {Cognitive Neurodynamics},
  title = {A brain-inspired compact cognitive mapping system},
  volume = {15},
  number = {1},
  pages = {91--101},
  doi = {10.1007/s11571-020-09621-6},
  year = {2021},
}

@article{nguyen-et-al:2022:3094157,
  author = {Thien-Minh Nguyen and Muqing Cao and Shenghai Yuan and Yang Lyu and Thien Hoang Nguyen and Lihua Xie},
  journal = {IEEE Transactions on Robotics},
  title = {{VIRAL-Fusion}: A Visual-Inertial-Ranging-{L}idar Sensor Fusion Approach},
  volume = {38},
  number = {2},
  pages = {958--977},
  doi = {10.1109/TRO.2021.3094157},
  year = {2022},
}

@article{nguyen-et-al:2013:004,
  author = {Vu Anh Nguyen and Janusz A. Starzyk and Wooi-Boon Goh},
  journal = {Robotics and Autonomous Systems},
  title = {A spatio-temporal Long-term Memory approach for visual place recognition in mobile robotic navigation},
  volume = {61},
  number = {12},
  pages = {1744--1758},
  doi = {10.1016/j.robot.2012.12.004},
  year = {2013},
}

@article{ila-et-al:2017:0278364917691110,
  author = {Viorela Ila and Lukas Polok and Marek Solony and Pavel Svoboda},
  journal = {International Journal of Robotics Research},
  title = {{SLAM}++ - A highly efficient and temporally scalable incremental {SLAM} framework},
  volume = {36},
  number = {2},
  pages = {210--230},
  doi = {10.1177/0278364917691110},
  year = {2017},
}

@article{ali-et-al:2021:3100882,
  author = {Waqas Ali and Peilin Liu and Rendong Ying and Zheng Gong},
  journal = {IEEE Sensors Journal},
  title = {A Life-Long {SLAM} Approach Using Adaptable Local Maps Based on Rasterized {LIDAR} Images},
  volume = {21},
  number = {19},
  pages = {21740--21749},
  doi = {10.1109/JSEN.2021.3100882},
  year = {2021},
}

@article{churchill-newman:2013:0278364913499193,
  author = {Winston Churchill and Paul Newman},
  journal = {International Journal of Robotics Research},
  title = {Experience-based navigation for long-term localisation},
  volume = {32},
  number = {14},
  pages = {1645--1661},
  doi = {10.1177/0278364913499193},
  year = {2013},
}

@inproceedings{maddern-et-al:2012:6224622,
  author = {Will Maddern and Michael J. Milford and Gordon F. Wyeth},
  booktitle = {2012 IEEE International Conference on Robotics and Automation (ICRA)},
  title = {Capping Computation Time and Storage Requirements for Appearance-based Localization with {CAT-SLAM}},
  pages = {822--827},
  doi = {10.1109/ICRA.2012.6224622},
  year = {2012},
}

@conference{maddern-et-al:2013:036,
  author = {Will Maddern and Michael J. Milford and Gordon F. Wyeth},
  journal = {2013 Robotics: Science and Systems (RSS)},
  title = {Towards persistent localization and mapping with a continuous appearance-based topology},
  volume = {8},
  pages = {281--288},
  doi = {10.15607/rss.2012.viii.036},
  year = {2013},
}

@conference{ding-et-al:2019:8968550,
  author = {Xiaqing Ding and Yue Wang and Li Tang and Huan Yin and Rong Xiong},
  journal = {2019 IEEE/RSJ International Conference on Intelligent Robots and Systems (IROS)},
  title = {Communication constrained cloud-based long-term visual localization in real time},
  pages = {2159--2166},
  doi = {10.1109/IROS40897.2019.8968550},
  year = {2019},
}

@article{ding-et-al:2020:2942760,
  author = {Xiaqing Ding and Yue Wang and Rong Xiong and Dongxuan Li and Li Tang and Huan Yin and Liang Zhao},
  journal = {IEEE Transactions on Intelligent Transportation Systems},
  title = {Persistent Stereo Visual Localization on Cross-Modal Invariant Map},
  volume = {21},
  number = {11},
  pages = {4646--4658},
  doi = {10.1109/TITS.2019.2942760},
  year = {2020},
}

@article{xu-et-al:2021:3060741,
  author = {Xuecheng Xu and Huan Yin and Zexi Chen and Yuehua Li and Yue Wang and Rong Xiong},
  journal = {IEEE Robotics and Automation Letters},
  title = {{DiSCO}: Differentiable Scan Context with Orientation},
  volume = {6},
  number = {2},
  pages = {2791--2798},
  doi = {10.1109/LRA.2021.3060741},
  year = {2021},
}

@article{bouaziz-et-al:2022:4,
  author = {Youssef Bouaziz and Eric Royer and Guillaume Bresson and Michel Dhome},
  journal = {Multimedia Tools and Applications},
  title = {Map management for robust long-term visual localization of an autonomous shuttle in changing conditions},
  doi = {10.1007/s11042-021-11870-4},
  year = {2022},
}

@conference{latif-et-al:2012:6385879,
  author = {Yasir Latif and Cesar Cadena and José Neira},
  journal = {2012 IEEE/RSJ International Conference on Intelligent Robots and Systems (IROS)},
  title = {Realizing, reversing, recovering: Incremental robust loop closing over time using the i{RRR} algorithm},
  pages = {4211--4217},
  doi = {10.1109/IROS.2012.6385879},
  year = {2012},
}

@article{latif-et-al:2017:016,
  author = {Yasir Latif and Guoquan Huang and John J. Leonard and José Neira},
  journal = {Robotics and Autonomous Systems},
  title = {Sparse optimization for robust and efficient loop closing},
  volume = {93},
  pages = {13--26},
  doi = {10.1016/j.robot.2017.03.016},
  year = {2017},
}

@inproceedings{song-et-al:2019:8967749,
  author = {Yafei Song and Di Zhu and Jia Li and Yonghong Tian and Mingyang Li},
  journal = {2019 IEEE/RSJ International Conference on Intelligent Robots and Systems (IROS)},
  title = {Learning Local Feature Descriptor with Motion Attribute For Vision-based Localization},
  pages = {3794--801},
  doi = {10.1109/IROS40897.2019.8967749},
  year = {2019},
}

@inproceedings{yue-et-al:2020:9197072,
  author = {Yufeng Yue and Chule Yang and Jun Zhang and Mingxing Wen and Zhenyu Wu and Haoyuan Zhang and Danwei Wang},
  journal = {2020 IEEE International Conference on Robotics and Automation (ICRA)},
  title = {Day and Night Collaborative Dynamic Mapping in Unstructured Environment Based on Multimodal Sensors},
  pages = {2981--7},
  doi = {10.1109/ICRA40945.2020.9197072},
  year = {2020},
}

@article{chen-et-al:2018:2859916,
  author = {Zetao Chen and Lingqiao Liu and Inkyu Sa and Zongyuan Ge and Margarita Chli},
  journal = {IEEE Robotics and Automation Letters},
  title = {Learning Context Flexible Attention Model for Long-Term Visual Place Recognition},
  volume = {3},
  number = {4},
  pages = {4015--4022},
  doi = {10.1109/LRA.2018.2859916},
  year = {2018},
}

@article{hong-et-al:2022:02783649221080483,
  author = {Ziyang Hong and Yvan Petillot and Andrew Wallace and Sen Wang},
  journal = {International Journal of Robotics Research},
  title = {Radar{SLAM}: A robust simultaneous localization and mapping system for all weather conditions},
  doi = {10.1177/02783649221080483},
  year = {2022},
}

@article{pan-et-al:2019:s19194252,
  author = {Zhichen Pan and Haoyao Chen and Silin Li and Yunhui Liu},
  journal = {Sensors},
  title = {Clustermap building and relocalization in urban environments for unmanned vehicles},
  volume = {19},
  number = {19},
  pages = {4252},
  doi = {10.3390/s19194252},
  year = {2019},
}

@conference{wang-et-al:2021:9739599,
  author = {Zhihao Wang and Silin Li and Ming Cao and Haoyao Chen and Yunhui Liu},
  journal = {2021 IEEE International Conference on Robotics and Biomimetics (ROBIO)},
  title = {Pole-like Objects Mapping and Long-Term Robot Localization in Dynamic Urban Scenarios},
  pages = {998--1003},
  doi = {10.1109/ROBIO54168.2021.9739599},
  year = {2021},
}

@inproceedings{xin-et-al:2017:8310121,
  author = {Zhe Xin and Xiaoguang Cui and Jixiang Zhang and Yiping Yang and Yanqing Wang},
  journal = {2017 Seventh International Conference on Image Processing Theory, Tools and Applications (IPTA)},
  title = {Visual place recognition with {CNN}s: from global to partial},
  pages = {6pp.--},
  doi = {10.1109/IPTA.2017.8310121},
  year = {2017},
}

@article{xing-et-al:2022:22062,
  author = {Zhiwei Xing and Xiaorui Zhu and Dingcheng Dong},
  journal = {Journal of Field Robotics},
  title = {{DE-SLAM}: {SLAM} for highly dynamic environment},
  doi = {10.1002/rob.22062},
  year = {2022},
}

@article{yang-et-al:2021:12054,
  author = {Zhe Yang and Yun Pan and Lei Deng and Yuan Xie and Ruohong Huan},
  journal = {IET Intelligent Transport Systems},
  title = {{PLSAV}: Parallel loop searching and verifying for loop closure detection},
  volume = {15},
  number = {5},
  pages = {683--698},
  doi = {10.1049/itr2.12054},
  year = {2021},
}

@article{du-et-al:2022:3028218,
  author = {Zheng-Jun Du and Shi-Sheng Huang and Tai-Jiang Mu and Qunhe Zhao and Ralph R. Martin and Kun Xu},
  journal = {IEEE Transactions on Visualization and Computer Graphics},
  title = {Accurate Dynamic {SLAM} Using {CRF}-Based Long-Term Consistency},
  volume = {28},
  number = {4},
  pages = {1745--57},
  doi = {10.1109/TVCG.2020.3028218},
  year = {2022},
}




%%%%%%%%%%%%%%%%%%%%%%%%%%%%%%%%%%%%%%%%%%%%%%%%%%%%%%%%%%%%%%%%%%%%%%%%%%%%%%%%
%% >> Records removed for having extended, similar, or more detailed versions
%%    relative to the original work
%%%%%%%%%%%%%%%%%%%%%%%%%%%%%%%%%%%%%%%%%%%%%%%%%%%%%%%%%%%%%%%%%%%%%%%%%%%%%%%%

@CONFERENCE{dayoub-duckett:2008:4650701,
  author = {Feras Dayoub and Tom Duckett},
  journal = {2008 IEEE/RSJ International Conference on Intelligent Robots and Systems (IROS)},
  title = {An adaptive appearance-based map for long-term topological localization of mobile robots},
  pages = {3364--3369},
  doi = {10.1109/IROS.2008.4650701},
  address = {Nice},
  year = {2008},
  isbn = {9781424420582},
}

@CONFERENCE{labbé-michaud:2011:6048225,
  author = {Mathieu Labbé and François Michaud},
  journal = {2011 IEEE/RSJ International Conference on Intelligent Robots and Systems (IROS)},
  title = {Memory management for real-time appearance-based loop closure detection},
  pages = {1271--1276},
  doi = {10.1109/IROS.2011.6094602},
  address = {San Francisco, CA},
  year = {2011},
  isbn = {9781612844541},
}

@ARTICLE{labbé-michaud:2013:2242375,
  author = {Mathieu Labbé and François Michaud},
  journal = {IEEE Transactions on Robotics},
  title = {Appearance-based loop closure detection for online large-scale and long-term operation},
  volume = {29},
  number = {3},
  pages = {734--745},
  doi = {10.1109/TRO.2013.2242375},
  note = {cited By 248},
  year = {2013},
  issn = {15523098},
}

@ARTICLE{labbé-michaud:2018:5,
  author = {Mathieu Labbé and François Michaud},
  journal = {Autonomous Robots},
  title = {Long-term online multi-session graph-based {SPLAM} with memory management},
  volume = {42},
  number = {6},
  pages = {1133--1150},
  doi = {10.1007/s10514-017-9682-5},
  publisher = {Springer New York LLC},
  year = {2018},
  issn = {09295593},
}

@CONFERENCE{hochdorfer-schlegel:2009:5354433,
  author = {Siegfried Hochdorfer and Christian Schlegel},
  journal = {2009 IEEE/RSJ International Conference on Intelligent Robots and Systems (IROS)},
  title = {Landmark rating and selection according to localization coverage: Addressing the challenge of lifelong operation of {SLAM} in service robots},
  pages = {382--387},
  doi = {10.1109/IROS.2009.5354433},
  address = {St. Louis, MO},
  year = {2009},
  isbn = {9781424438044},
}

@CONFERENCE{hochdorfer-schlegel:2010:5651229,
  author = {Siegfried Hochdorfer and Christian Schlegel},
  journal = {2010 IEEE/RSJ International Conference on Intelligent Robots and Systems (IROS)},
  title = {6 {DoF} {SLAM} using a {ToF} camera: The challenge of a continuously growing number of landmarks},
  pages = {3981--3986},
  doi = {10.1109/IROS.2010.5651229},
  address = {Taipei},
  year = {2010},
  isbn = {9781424466757},
}

@ARTICLE{bacca-et-al:2010:291,
  author = {Bladimir Bacca and Joaquím Salví and Xavier Cufí},
  journal = {Frontiers in Artificial Intelligence and Applications},
  title = {Mapping and localization for mobile robots through environment appearance update},
  volume = {220},
  pages = {291--300},
  doi = {10.3233/978-1-60750-643-0-291},
  publisher = {IOS Press},
  year = {2010},
  isbn = {9781607506423},
  issn = {09226389},
}

@ARTICLE{bacca-et-al:2011:008,
  author = {Bladimir Bacca and Joaquím Salví and Xavier Cufí},
  journal = {Robotics and Autonomous Systems},
  title = {Appearance-based mapping and localization for mobile robots using a feature stability histogram},
  volume = {59},
  number = {10},
  pages = {840--857},
  doi = {10.1016/j.robot.2011.06.008},
  year = {2011},
  issn = {09218890},
}

@ARTICLE{kawewong-et-al:2010:2587,
  author = {Aram Kawewong and Noppharit Tongprasit and Osamu Hasegawa},
  journal = {IEICE Transactions on Information and Systems},
  title = {Position-invariant robust features for long-term recognition of dynamic outdoor scenes},
  volume = {E93-D},
  number = {9},
  pages = {2587--2601},
  doi = {10.1587/transinf.E93.D.2587},
  publisher = {Institute of Electronics, Information and Communication, Engineers, IEICE},
  year = {2010},
  issn = {09168532},
}

@ARTICLE{kawewong-et-al:2011:0278364910371855,
  author = {Aram Kawewong and Noppharit Tongprasit and Osamu Hasegawa},
  journal = {International Journal of Robotics Research},
  title = {Online and incremental appearance-based slam in highly dynamic environments},
  volume = {30},
  number = {1},
  pages = {33--55},
  doi = {10.1177/0278364910371855},
  year = {2011},
  issn = {02783649},
}

@ARTICLE{kawewong-et-al:2011:007,
  author = {Aram Kawewong and Noppharit Tongprasit and Osamu Hasegawa},
  journal = {Robotics and Autonomous Systems},
  title = {{PIRF-Nav} 2.0: Fast and online incremental appearance-based loop-closure detection in an indoor environment},
  volume = {59},
  number = {10},
  pages = {727--739},
  doi = {10.1016/j.robot.2011.05.007},
  year = {2011},
  issn = {09218890},
}

@INPROCEEDINGS{paul-newman:2011:5980404,
  author = {Rohan Paul and Paul Newman},
  journal = {2011 IEEE International Conference on Robotics and Automation (ICRA)},
  title = {Self {H}elp: Seeking Out Perplexing Images for Ever Improving Navigation},
  pages = {445--51},
  doi = {10.1109/ICRA.2011.5980404},
  address = {Piscataway, NJ, USA},
  year = {2011},
}

@INPROCEEDINGS{neubert-et-al:2013:6698842,
  author = {Peer Neubert and Niko Sünderhauf and Peter Protzel},
  journal = {2013 European Conference on Mobile Robots (ECMR)},
  title = {Appearance change prediction for long-term navigation across seasons},
  pages = {198--203},
  doi = {10.1109/ECMR.2013.6698842},
  address = {Piscataway, NJ, USA},
  year = {2013},
}

@CONFERENCE{carlevaris-bianco-eustice:2013:6696478,
  author = {Nicholas Carlevaris-Bianco and Ryan M. Eustice},
  journal = {2013 IEEE/RSJ International Conference on Intelligent Robots and Systems (IROS)},
  title = {Long-term simultaneous localization and mapping with generic linear constraint node removal},
  pages = {1034--1041},
  doi = {10.1109/IROS.2013.6696478},
  address = {Tokyo},
  year = {2013},
  isbn = {9781467363587},
  issn = {21530858},
}

@INPROCEEDINGS{latif-et-al:2013:030,
  author = {Yasir Latif and Cesar Cadena and José Neira},
  journal = {2012 Robotics: Science and Systems (RSS)},
  title = {Robust Loop Closing Over Time},
  volume = {vol.8},
  pages = {233--40},
  doi = {10.15607/RSS.2012.VIII.030},
  address = {Cambridge, MA, USA},
  year = {2013},
}

@ARTICLE{latif-et-al:2013:0278364913498910,
  author = {Yasir Latif and Cesar Cadena and José Neira},
  journal = {International Journal of Robotics Research},
  title = {Robust loop closing over time for pose graph {SLAM}},
  volume = {32},
  number = {14},
  pages = {1611--1626},
  doi = {10.1177/0278364913498910},
  year = {2013},
  issn = {02783649},
}

@CONFERENCE{biswas-veloso:2014:6907435,
  author = {Joydeep Biswas and Manuela M. Veloso},
  journal = {2014 IEEE International Conference on Robotics and Automation (ICRA)},
  title = {Episodic non-{M}arkov localization: Reasoning about short-term and long-term features},
  pages = {3969--3974},
  doi = {10.1109/ICRA.2014.6907435},
  publisher = {Institute of Electrical and Electronics Engineers Inc.},
  year = {2014},
  isbn = {9781479936854},
  issn = {10504729},
}

@CONFERENCE{ozog-eustice:2014:6907415,
  author = {Paul Ozog and Ryan M. Eustice},
  journal = {2014 IEEE International Conference on Robotics and Automation (ICRA)},
  title = {Toward long-term, automated ship hull inspection with visual SLAM, explicit surface optimization, and generic graph-sparsification},
  pages = {3832--3839},
  doi = {10.1109/ICRA.2014.6907415},
  publisher = {Institute of Electrical and Electronics Engineers Inc.},
  year = {2014},
  isbn = {9781479936854},
  issn = {10504729},
}

@CONFERENCE{arroyo-et-al:2015:7140088,
  author = {Roberto Arroyo and Pablo F. Alcantarilla and Luis M. Bergasa and Eduardo Romera},
  journal = {2015 IEEE International Conference on Robotics and Automation (ICRA)},
  title = {Towards life-long visual localization using an efficient matching of binary sequences from images},
  volume = {2015-June},
  number = {June},
  pages = {6328--6335},
  doi = {10.1109/ICRA.2015.7140088},
  publisher = {Institute of Electrical and Electronics Engineers Inc.},
  year = {2015},
  isbn = {9781479969234},
  issn = {10504729},
}

@CONFERENCE{arroyo-et-al:2016:7795672,
  author = {Roberto Arroyo and Pablo F. Alcantarilla and Luis M. Bergasa and Eduardo Romera},
  journal = {2016 IEEE 19th International Conference on Intelligent Transportation Systems (ITSC)},
  title = {{OpenABLE}: An open-source toolbox for application in life-long visual localization of autonomous vehicles},
  pages = {965--970},
  doi = {10.1109/ITSC.2016.7795672},
  publisher = {Institute of Electrical and Electronics Engineers Inc.},
  year = {2016},
  isbn = {9781509018895},
}

@ARTICLE{griffith-pradalier:2016:1,
  author = {Shane Griffith and Cédric Pradalier},
  journal = {Springer Tracts in Advanced Robotics},
  title = {A spatially and temporally scalable approach for long-term lakeshore monitoring},
  volume = {113},
  pages = {3--16},
  doi = {10.1007/978-3-319-27702-8_1},
  publisher = {Springer Verlag},
  year = {2016},
  isbn = {9783319277004},
  issn = {16107438},
}

@CONFERENCE{bürki-et-al:2016:7759609,
  author = {Mathias Bürki and Igor Gilitschenski and Elena Stumm and Roland Siegwart and Juan Nieto},
  journal = {2016 IEEE/RSJ International Conference on Intelligent Robots and Systems (IROS)},
  title = {Appearance-based landmark selection for efficient long-term visual localization},
  volume = {2016-November},
  pages = {4137--4143},
  doi = {10.1109/IROS.2016.7759609},
  publisher = {Institute of Electrical and Electronics Engineers Inc.},
  year = {2016},
  isbn = {9781509037629},
  issn = {21530858},
}

@CONFERENCE{bürki-et-al:2018:8500432,
  author = {Mathias Bürki and Marcin Dymczyk and Igor Gilitschenski and Cesar Cadena and Roland Siegwart and Juan Nieto},
  journal = {2018 IEEE Intelligent Vehicles Symposium (IV)},
  title = {Map Management for Efficient Long-Term Visual Localization in Outdoor Environments},
  volume = {2018-June},
  pages = {682--688},
  doi = {10.1109/IVS.2018.8500432},
  publisher = {Institute of Electrical and Electronics Engineers Inc.},
  year = {2018},
  isbn = {9781538644522},
}

@CONFERENCE{paton-et-al:2016:7759303,
  author = {Michael Paton and Kirk Mactavish and Michael Warren and Timothy D. Barfoot},
  journal = {2016 IEEE/RSJ International Conference on Intelligent Robots and Systems (IROS)},
  title = {Bridging the appearance gap: Multi-experience localization for long-term visual teach and repeat},
  volume = {2016-November},
  pages = {1918--1925},
  doi = {10.1109/IROS.2016.7759303},
  publisher = {Institute of Electrical and Electronics Engineers Inc.},
  year = {2016},
  isbn = {9781509037629},
  issn = {21530858},
}

@CONFERENCE{krajník-et-al:2016:7759671,
  author = {Tomáš Krajník and Jaime Pulido Fentanes and Marc Hanheide and Tom Duckett},
  journal = {2016 IEEE/RSJ International Conference on Intelligent Robots and Systems (IROS)},
  title = {Persistent localization and life-long mapping in changing environments using the frequency map enhancement},
  volume = {2016-November},
  pages = {4558--4563},
  doi = {10.1109/IROS.2016.7759671},
  publisher = {Institute of Electrical and Electronics Engineers Inc.},
  year = {2016},
  isbn = {9781509037629},
  issn = {21530858},
}

@CONFERENCE{zhang-et-al:2016:043,
  author = {Hao Zhang and Fei Han and Hua Wang},
  journal = {2016 Robotics: Science and Systems (RSS)},
  title = {Robust multimodal sequence-based loop closure detection via structured sparsity},
  volume = {12},
  pages = {1--10},
  doi = {10.15607/rss.2016.xii.043},
  publisher = {MIT Press Journals},
  year = {2016},
  isbn = {9780992374723},
  issn = {2330765X},
}

@CONFERENCE{han-et-al:2018,
  author = {Fei Han and Hua Wang and Hao Zhang},
  journal = {32nd AAAI Conference on Artificial Intelligence (AAAI 2018)},
  title = {Learning integrated holism-landmark representations for long-term loop closure detection},
  pages = {6501--6508},
  publisher = {AAAI press},
  year = {2018},
  isbn = {9781577358008},
}

@INPROCEEDINGS{piasco-et-al:2019:8794221,
  author = {Nathan Piasco and Désiré Sidibé and Valérie Gouet-Brunet and Cédric Demonceaux},
  journal = {2019 IEEE International Conference on Robotics and Automation (ICRA)},
  title = {Learning Scene Geometry for Visual Localization in Challenging Conditions},
  pages = {9094--100},
  doi = {10.1109/ICRA.2019.8794221},
  address = {Piscataway, NJ, USA},
  year = {2019},
}

@CONFERENCE{berrio-et-al:2019:8814189,
  author = {Julie Stephany Berrio and James Ward and Stewart Worrall and Eduardo Nebot},
  journal = {2019 IEEE Intelligent Vehicles Symposium (IV)},
  title = {Updating the visibility of a feature-based map for long-term maintenance},
  volume = {2019-June},
  pages = {1173--1179},
  doi = {10.1109/IVS.2019.8814189},
  publisher = {Institute of Electrical and Electronics Engineers Inc.},
  year = {2019},
  isbn = {9781728105604},
}

@CONFERENCE{gao-zhang:2020:6604,
  author = {Peng Gao and Hao Zhang},
  journal = {34th AAAI Conference on Artificial Intelligence (AAAI 2020)},
  title = {Long-term loop closure detection through visual-spatial information preserving multi-order graph matching},
  pages = {10369--10376},
  doi = {10.1609/aaai.v34i06.6604},
  publisher = {AAAI press},
  year = {2020},
  isbn = {9781577358350},
}

@CONFERENCE{bouaziz-et-al:2021:9378614,
  author = {Youssef Bouaziz and Eric Royer and Guillaume Bresson and Michel Dhome},
  journal = {2021 IEEE 19th World Symposium on Applied Machine Intelligence and Informatics (SAMI)},
  title = {Keyframes retrieval for robust long-term visual localization in changing conditions},
  pages = {93--100},
  doi = {10.1109/SAMI50585.2021.9378614},
  publisher = {Institute of Electrical and Electronics Engineers Inc.},
  year = {2021},
  isbn = {9781728180533},
}
