@conference{ali-et-al:2020:3389033,
  author = {A. J. B. Ali and Z. S. Hashemifar and K. Dantu},
  journal = {MobiSys 2020 - Proceedings of the 18th International Conference on Mobile Systems, Applications, and Services},
  title = {Edge-SLAM: Edge-assisted visual simultaneous localization and mapping},
  pages = {325--337},
  doi = {10.1145/3386901.3389033},
  year = {2020},
}

@article{davison-murray:2002:1017615,
  author = {A. J. Davison and D. W. Murray},
  journal = {IEEE Transactions on Pattern Analysis and Machine Intelligence},
  title = {Simultaneous localization and map-building using active vision},
  volume = {24},
  number = {7},
  pages = {865--880},
  doi = {10.1109/TPAMI.2002.1017615},
  year = {2002},
}

@conference{glover-et-al:2010:5509547,
  author = {A. J. Glover and W. P. Maddern and M. J. Milford and G. F. Wyeth},
  journal = {Proceedings - IEEE International Conference on Robotics and Automation},
  title = {FAB-MAP + RatSLAM: Appearance-based SLAM for multiple times of day},
  pages = {3507--3512},
  doi = {10.1109/ROBOT.2010.5509547},
  year = {2010},
}

@article{kawewong-et-al:2013:826410,
  author = {A. Kawewong and N. Tongprasit and O. Hasegawa},
  journal = {Advanced Robotics},
  title = {A speeded-up online incremental vision-based loop-closure detection for long-term SLAM},
  volume = {27},
  number = {17},
  pages = {1325--1336},
  doi = {10.1080/01691864.2013.826410},
  year = {2013},
}

@article{schaefer-et-al:2021:103709,
  author = {A. Schaefer and D. Büscher and J. Vertens and L. Luft and W. Burgard},
  journal = {Robotics and Autonomous Systems},
  title = {Long-term vehicle localization in urban environments based on pole landmarks extracted from 3-D lidar scans},
  volume = {136},
  pages = {103709},
  doi = {10.1016/j.robot.2020.103709},
  year = {2021},
}

@conference{walcott-bryant-et-al:2012:6385561,
  author = {A. Walcott-Bryant and M. Kaess and H. Johannsson and J. J. Leonard},
  journal = {IEEE International Conference on Intelligent Robots and Systems},
  title = {Dynamic pose graph SLAM: Long-term mapping in low dynamic environments},
  pages = {1871--1878},
  doi = {10.1109/IROS.2012.6385561},
  year = {2012},
}

@article{bacca-et-al:2013:003,
  author = {B. Bacca and J. Salvi and X. Cufi},
  journal = {Robotics and Autonomous Systems},
  title = {Long-term mapping and localization using feature stability histograms},
  volume = {61},
  number = {12},
  pages = {1539--58},
  doi = {10.1016/j.robot.2013.07.003},
  year = {2013},
}

@article{bescos-et-al:2018:2860039,
  author = {B. Bescos and J. M. Facil and J. Civera and J. Neira},
  journal = {IEEE Robotics and Automation Letters},
  title = {DynaSLAM: Tracking, Mapping, and Inpainting in Dynamic Scenes},
  volume = {3},
  number = {4},
  pages = {4076--4083},
  doi = {10.1109/LRA.2018.2860039},
  year = {2018},
}

@inproceedings{liu-et-al:2021:9561126,
  author = {B. Liu and F. Tang and Y. Fu and Y. Yang and Y. Wu},
  journal = {2021 IEEE International Conference on Robotics and Automation (ICRA)},
  title = {A Flexible and Efficient Loop Closure Detection Based on Motion Knowledge},
  pages = {11241--7},
  doi = {10.1109/ICRA48506.2021.9561126},
  year = {2021},
}

@article{kim-et-al:2021:3047421,
  author = {C. Kim and S. Cho and M. Sunwoo and P. Resende and B. Bradai and K. Jo},
  journal = {IEEE Access},
  title = {A Geodetic Normal Distribution Map for Long-Term LiDAR Localization on Earth},
  volume = {9},
  pages = {470--484},
  doi = {10.1109/ACCESS.2020.3047421},
  year = {2021},
}

@article{qin-et-al:2020:103561,
  author = {C. Qin and Y. Zhang and Y. Liu and S. Coleman and D. Kerr and G. Lv},
  journal = {Robotics and Autonomous Systems},
  title = {Appearance-invariant place recognition by adversarially learning disentangled representation},
  volume = {131},
  pages = {103561},
  doi = {10.1016/j.robot.2020.103561},
  year = {2020},
}

@conference{yu-et-al:2019:8961714,
  author = {C. Yu and Z. Liu and X.-J. Liu and F. Qiao and Y. Wang and F. Xie and Q. Wei and Y. Yang},
  journal = {IEEE International Conference on Robotics and Biomimetics, ROBIO 2019},
  title = {A DenseNet feature-based loop closure method for visual SLAM system},
  pages = {258--265},
  doi = {10.1109/ROBIO49542.2019.8961714},
  year = {2019},
}

@article{ball-et-al:2013:9,
  author = {D. Ball and S. Heath and J. Wiles and G. Wyeth and P. Corke and M. Milford},
  journal = {Autonomous Robots},
  title = {OpenRatSLAM: An open source brain-based SLAM system},
  volume = {34},
  number = {3},
  pages = {149--176},
  doi = {10.1007/s10514-012-9317-9},
  year = {2013},
}

@article{martini-et-al:2020:s20216002,
  author = {D. D. Martini and M. Gadd and P. Newman},
  journal = {Sensors (Switzerland)},
  title = {kRadar++: Coarse-to-fine FMCW scanning radar localisation},
  volume = {20},
  number = {21},
  pages = {1--23},
  doi = {10.3390/s20216002},
  year = {2020},
}

@conference{filliat:2007:364080,
  author = {D. Filliat},
  journal = {Proceedings - IEEE International Conference on Robotics and Automation},
  title = {A visual bag of words method for interactive qualitative localization and mapping},
  pages = {3921--3926},
  doi = {10.1109/ROBOT.2007.364080},
  year = {2007},
}

@conference{opdenbosch-et-al:2018:00114,
  author = {D. V. Opdenbosch and T. Aykut and M. Oelsch and N. Alt and E. Steinbach},
  journal = {Proceedings - 2018 IEEE Winter Conference on Applications of Computer Vision, WACV 2018},
  title = {Efficient Map Compression for Collaborative Visual SLAM},
  volume = {2018-January},
  pages = {992--1000},
  doi = {10.1109/WACV.2018.00114},
  year = {2018},
}

@article{derner-et-al:2021:103676,
  author = {E. Derner and C. Gomez and A. C. Hernandez and R. Barber and R. Babuška},
  journal = {Robotics and Autonomous Systems},
  title = {Change detection using weighted features for image-based localization},
  volume = {135},
  pages = {103676},
  doi = {10.1016/j.robot.2020.103676},
  year = {2021},
}

@conference{einhorn-gross:2013:6698849,
  author = {E. Einhorn and H.-M. Gross},
  journal = {2013 European Conference on Mobile Robots, ECMR 2013 - Conference Proceedings},
  title = {Generic 2D/3D SLAM with NDT maps for lifelong application},
  pages = {240--247},
  doi = {10.1109/ECMR.2013.6698849},
  year = {2013},
}

@article{einhorn-gross:2015:008,
  author = {E. Einhorn and H.-M. Gross},
  journal = {Robotics and Autonomous Systems},
  title = {Generic NDT mapping in dynamic environments and its application for lifelong SLAM},
  volume = {69},
  number = {1},
  pages = {28--39},
  doi = {10.1016/j.robot.2014.08.008},
  year = {2015},
}

@article{boniardi-et-al:2019:003,
  author = {F. Boniardi and T. Caselitz and R. Kümmerle and W. Burgard},
  journal = {Robotics and Autonomous Systems},
  title = {A pose graph-based localization system for long-term navigation in CAD floor plans},
  volume = {112},
  pages = {84--97},
  doi = {10.1016/j.robot.2018.11.003},
  year = {2019},
}

@article{cao-et-al:2021:2962416,
  author = {F. Cao and F. Yan and S. Wang and Y. Zhuang and W. Wang},
  journal = {IEEE Transactions on Industrial Electronics},
  title = {Season-Invariant and Viewpoint-Tolerant LiDAR Place Recognition in GPS-Denied Environments},
  volume = {68},
  number = {1},
  pages = {563--74},
  doi = {10.1109/TIE.2019.2962416},
  year = {2021},
}

@article{cao-et-al:2018:2815956,
  author = {F. Cao and Y. Zhuang and H. Zhang and W. Wang},
  journal = {IEEE Sensors Journal},
  title = {Robust Place Recognition and Loop Closing in Laser-Based SLAM for UGVs in Urban Environments},
  volume = {18},
  number = {10},
  pages = {4242--4252},
  doi = {10.1109/JSEN.2018.2815956},
  year = {2018},
}

@article{dayoub-et-al:2011:013,
  author = {F. Dayoub and G. Cielniak and T. Duckett},
  journal = {Robotics and Autonomous Systems},
  title = {Long-term experiments with an adaptive spherical view representation for navigation in changing environments},
  volume = {59},
  number = {5},
  pages = {285--295},
  doi = {10.1016/j.robot.2011.02.013},
  year = {2011},
}

@article{han-et-al:2018:3,
  author = {F. Han and H. Wang and G. Huang and H. Zhang},
  journal = {Autonomous Robots},
  title = {Sequence-based sparse optimization methods for long-term loop closure detection in visual SLAM},
  volume = {42},
  number = {7},
  pages = {1323--1335},
  doi = {10.1007/s10514-018-9736-3},
  year = {2018},
}

@article{han-et-al:2018:2856274,
  author = {F. Han and S. E. Beleidy and H. Wang and C. Ye and H. Zhang},
  journal = {IEEE Robotics and Automation Letters},
  title = {Learning of Holism-Landmark graph embedding for place recognition in Long-Term autonomy},
  volume = {3},
  number = {4},
  pages = {3669--3676},
  doi = {10.1109/LRA.2018.2856274},
  year = {2018},
}

@article{han-et-al:2017:2662061,
  author = {F. Han and X. Yang and Y. Deng and M. Rentschler and D. Yang and H. Zhang},
  journal = {IEEE Robotics and Automation Letters},
  title = {SRAL: Shared Representative Appearance Learning for Long-Term Visual Place Recognition},
  volume = {2},
  number = {2},
  pages = {1172--1179},
  doi = {10.1109/LRA.2017.2662061},
  year = {2017},
}

@conference{nobre-et-al:2018:8461111,
  author = {F. Nobre and C. Heckman and P. Ozog and R. W. Wolcott and J. M. Walls},
  journal = {Proceedings - IEEE International Conference on Robotics and Automation},
  title = {Online probabilistic change detection in feature-based maps},
  pages = {3661--3668},
  doi = {10.1109/ICRA.2018.8461111},
  year = {2018},
}

@conference{pomerleau-et-al:2014:6907397,
  author = {F. Pomerleau and P. Krüsi and F. Colas and P. Furgale and R. Siegwart},
  journal = {Proceedings - IEEE International Conference on Robotics and Automation},
  title = {Long-term 3D map maintenance in dynamic environments},
  pages = {3712--3719},
  doi = {10.1109/ICRA.2014.6907397},
  year = {2014},
}

@article{tipaldi-et-al:2013:0278364913502830,
  author = {G. D. Tipaldi and D. Meyer-Delius and W. Burgard},
  journal = {International Journal of Robotics Research},
  title = {Lifelong localization in changing environments},
  volume = {32},
  number = {14},
  pages = {1662--1678},
  doi = {10.1177/0278364913502830},
  year = {2013},
}

@conference{huang-et-al:2013:6698835,
  author = {G. Huang and M. Kaess and J. J. Leonard},
  journal = {2013 European Conference on Mobile Robots, ECMR 2013 - Conference Proceedings},
  title = {Consistent sparsification for graph optimization},
  pages = {150--157},
  doi = {10.1109/ECMR.2013.6698835},
  year = {2013},
}

@article{kim-et-al:2019:2897340,
  author = {G. Kim and B. Park and A. Kim},
  journal = {IEEE Robotics and Automation Letters},
  title = {1-Day Learning, 1-Year Localization: Long-Term LiDAR Localization Using Scan Context Image},
  volume = {4},
  number = {2},
  pages = {1948--1955},
  doi = {10.1109/LRA.2019.2897340},
  year = {2019},
}

@conference{kurz-et-al:2021:9636530,
  author = {G. Kurz and M. Holoch and P. Biber},
  journal = {IEEE International Conference on Intelligent Robots and Systems},
  title = {Geometry-based Graph Pruning for Lifelong SLAM},
  pages = {3313--3320},
  doi = {10.1109/IROS51168.2021.9636530},
  year = {2021},
}

@conference{singh-et-al:2021:9564866,
  author = {G. Singh and M. Wu and S.-K. Lam and D. V. Minh},
  journal = {IEEE Conference on Intelligent Transportation Systems, Proceedings, ITSC},
  title = {Hierarchical Loop Closure Detection for Long-term Visual SLAM with Semantic-Geometric Descriptors},
  volume = {2021-September},
  pages = {2909--2916},
  doi = {10.1109/ITSC48978.2021.9564866},
  year = {2021},
}

@article{hu-et-al:2022:1003907,
  author = {H. Hu and H. Wang and Z. Liu and W. Chen},
  journal = {IEEE/CAA Journal of Automatica Sinica},
  title = {Domain-Invariant Similarity Activation Map Contrastive Learning for Retrieval-Based Long-Term Visual Localization},
  volume = {9},
  number = {2},
  pages = {313--328},
  doi = {10.1109/JAS.2021.1003907},
  year = {2022},
}

@conference{johannsson-et-al:2013:6630556,
  author = {H. Johannsson and M. Kaess and M. Fallon and J. J. Leonard},
  journal = {Proceedings - IEEE International Conference on Robotics and Automation},
  title = {Temporally scalable visual SLAM using a reduced pose graph},
  pages = {54--61},
  doi = {10.1109/ICRA.2013.6630556},
  year = {2013},
}

@article{karaoguz-bozma:2016:4,
  author = {H. Karaoguz and H. I. Bozma},
  journal = {AUTONOMOUS ROBOTS},
  title = {An integrated model of autonomous topological spatial cognition},
  volume = {40},
  number = {8},
  pages = {1379--1402},
  doi = {10.1007/s10514-015-9514-4},
  year = {2016},
}

@article{karaoguz-bozma:2020:2,
  author = {H. Karaoguz and H. I. Bozma},
  journal = {AUTONOMOUS ROBOTS},
  title = {Merging of appearance-based place knowledge among multiple robots},
  volume = {44},
  number = {6},
  pages = {1009--1027},
  doi = {10.1007/s10514-020-09911-2},
  year = {2020},
}

@article{kretzschmar-stachniss:2012:0278364912455072,
  author = {H. Kretzschmar and C. Stachniss},
  journal = {International Journal of Robotics Research},
  title = {Information-theoretic compression of pose graphs for laser-based SLAM},
  volume = {31},
  number = {11},
  pages = {1219--1230},
  doi = {10.1177/0278364912455072},
  year = {2012},
}

@article{kretzschmar-et-al:2010:2,
  author = {H. Kretzschmar and G. Grisetti and C. Stachniss},
  journal = {KI - Kunstliche Intelligenz},
  title = {Lifelong Map Learning for Graph-based SLAM in Static Environments},
  volume = {24},
  number = {3},
  pages = {199--206},
  doi = {10.1007/s13218-010-0034-2},
  year = {2010},
}

@conference{thomas-et-al:2021:9561701,
  author = {H. Thomas and B. Agro and M. Gridseth and J. Zhang and T. D. Barfoot},
  journal = {Proceedings - IEEE International Conference on Robotics and Automation},
  title = {Self-Supervised Learning of Lidar Segmentation for Autonomous Indoor Navigation},
  volume = {2021-May},
  pages = {14047--14053},
  doi = {10.1109/ICRA48506.2021.9561701},
  year = {2021},
}

@article{yin-et-al:2021:661199,
  author = {H. Yin and X. Xu and Y. Wang and R. Xiong},
  journal = {Frontiers in Robotics and AI},
  title = {Radar-to-Lidar: Heterogeneous Place Recognition via Joint Learning},
  volume = {8},
  pages = {661199},
  doi = {10.3389/frobt.2021.661199},
  year = {2021},
}

@article{yin-et-al:2020:2905046,
  author = {H. Yin and Y. Wang and X. Ding and L. Tang and S. Huang and R. Xiong},
  journal = {IEEE Transactions on Intelligent Transportation Systems},
  title = {3D LiDAR-Based Global Localization Using Siamese Neural Network},
  volume = {21},
  number = {4},
  pages = {1380--1392},
  doi = {10.1109/TITS.2019.2905046},
  year = {2020},
}

@article{zhang-et-al:2018:1729881418780178,
  author = {H. Zhang and X. Chen and H. Lu and J. Xiao},
  journal = {International Journal of Advanced Robotic Systems},
  title = {Distributed and collaborative monocular simultaneous localization and mapping for multi-robot systems in large-scale environments},
  volume = {15},
  number = {3},
  doi = {10.1177/1729881418780178},
  year = {2018},
}

@article{biswas-veloso:2013:0278364913503892,
  author = {J. Biswas and M. M. Veloso},
  journal = {International Journal of Robotics Research},
  title = {Localization and navigation of the CoBots over long-term deployments},
  volume = {32},
  number = {14},
  pages = {1679--1694},
  doi = {10.1177/0278364913503892},
  year = {2013},
}

@article{biswas-veloso:2017:005,
  author = {J. Biswas and M. M. Veloso},
  journal = {Robotics and Autonomous Systems},
  title = {Episodic non-Markov localization},
  volume = {87},
  pages = {162--176},
  doi = {10.1016/j.robot.2016.09.005},
  year = {2017},
}

@article{coulin-et-al:2022:3136241,
  author = {J. Coulin and R. Guillemard and V. Gay-Bellile and C. Joly and A. D. L. Fortelle},
  journal = {IEEE Robotics and Automation Letters},
  title = {Tightly-Coupled Magneto-Visual-Inertial Fusion for Long Term Localization in Indoor Environment},
  volume = {7},
  number = {2},
  pages = {952--959},
  doi = {10.1109/LRA.2021.3136241},
  year = {2022},
}

@inproceedings{li-et-al:2015:7139706,
  author = {J. Li and R. M. Eustice and M. Johnson-Roberson},
  booktitle = {2015 IEEE INTERNATIONAL CONFERENCE ON ROBOTICS AND AUTOMATION (ICRA)},
  title = {High-Level Visual Features for Underwater Place Recognition},
  pages = {3652--3659},
  doi = {10.1109/ICRA.2015.7139706},
  year = {2015},
}

@article{santos-et-al:2016:2516594,
  author = {J. M. Santos and T. Krajnik and T. J. P. A. D. Fentanes},
  journal = {IEEE ROBOTICS AND AUTOMATION LETTERS},
  title = {Lifelong Information- Driven Exploration to Complete and Refine 4-D
Spatio-Temporal Maps},
  volume = {1},
  number = {2},
  pages = {684--691},
  doi = {10.1109/LRA.2016.2516594},
  year = {2016},
}

@conference{oberländer-et-al:2013:6766479,
  author = {J. Oberländer and A. Roennau and R. Dillmann},
  journal = {2013 16th International Conference on Advanced Robotics, ICAR 2013},
  title = {Hierarchical SLAM using spectral submap matching with opportunities for long-term operation},
  pages = {1--7},
  doi = {10.1109/ICAR.2013.6766479},
  year = {2013},
}

@article{oh-eoh:2021:app11198976,
  author = {J. Oh and G. Eoh},
  journal = {Applied Sciences (Switzerland)},
  title = {Variational Bayesian approach to condition-invariant feature extraction for visual place recognition},
  volume = {11},
  number = {19},
  pages = {8976},
  doi = {10.3390/app11198976},
  year = {2021},
}

@article{saarinen-et-al:2013:0278364913499415,
  author = {J. P. Saarinen and H. Andreasson and T. Stoyanov and A. J. Lilienthal},
  journal = {International Journal of Robotics Research},
  title = {3D normal distributions transform occupancy maps: An efficient representation for mapping in dynamic environments},
  volume = {32},
  number = {14},
  pages = {1627--44},
  doi = {10.1177/0278364913499415},
  year = {2013},
}

@article{pérez-et-al:2015:y,
  author = {J. Pérez and F. Caballero and L. Merino},
  journal = {Journal of Intelligent and Robotic Systems: Theory and Applications},
  title = {Enhanced Monte Carlo Localization with Visual Place Recognition for Robust Robot Localization},
  volume = {80},
  number = {3-4},
  pages = {641--656},
  doi = {10.1007/s10846-015-0198-y},
  year = {2015},
}

@conference{berrio-et-al:2019:8814289,
  author = {J. S. Berrio and J. Ward and S. Worrall and E. Nebot},
  journal = {IEEE Intelligent Vehicles Symposium, Proceedings},
  title = {Identifying robust landmarks in feature-based maps},
  volume = {2019-June},
  pages = {1166--1172},
  doi = {10.1109/IVS.2019.8814289},
  year = {2019},
}

@article{berrio-et-al:2021:3094485,
  author = {J. S. Berrio and S. Worrall and M. Shan and E. Nebot},
  journal = {IEEE Transactions on Intelligent Transportation Systems},
  title = {Long-Term Map Maintenance Pipeline for Autonomous Vehicles},
  doi = {10.1109/TITS.2021.3094485},
  year = {2021},
}

@inproceedings{zhu-et-al:2018:8500686,
  author = {J. Zhu and Y. Ai and B. Tian and D. Cao and S. Scherer},
  journal = {2018 IEEE Intelligent Vehicles Symposium (IV)},
  title = {Visual Place Recognition in Long-term and Large-scale Environment based on CNN Feature},
  pages = {1679--85},
  doi = {10.1109/IVS.2018.8500686},
  year = {2018},
}

@article{tsintotas-et-al:2021:103782,
  author = {K. A. Tsintotas and L. Bampis and A. Gasteratos},
  journal = {Robotics and Autonomous Systems},
  title = {Modest-vocabulary loop-closure detection with incremental bag of tracked words},
  volume = {141},
  pages = {103782},
  doi = {10.1016/j.robot.2021.103782},
  year = {2021},
}

@conference{ikeda-tanaka:2010:5509579,
  author = {K. Ikeda and K. Tanaka},
  journal = {Proceedings - IEEE International Conference on Robotics and Automation},
  title = {Visual robot localization using compact binary landmarks},
  pages = {4397--4403},
  doi = {10.1109/ROBOT.2010.5509579},
  year = {2010},
}

@conference{konolige-bowman:2009:5354121,
  author = {K. Konolige and J. Bowman},
  journal = {2009 IEEE/RSJ International Conference on Intelligent Robots and Systems, IROS 2009},
  title = {Towards lifelong visual maps},
  pages = {1156--1163},
  doi = {10.1109/IROS.2009.5354121},
  year = {2009},
}

@article{mactavish-et-al:2018:21838,
  author = {K. MacTavish and M. Paton and T. D. Barfoot},
  journal = {Journal of Field Robotics},
  title = {Selective memory: Recalling relevant experience for long-term visual localization},
  volume = {35},
  number = {8},
  pages = {1265--1292},
  doi = {10.1002/rob.21838},
  year = {2018},
}

@conference{pirker-et-al:2011:6048253,
  author = {K. Pirker and M. Rüther and H. Bischof},
  journal = {IEEE International Conference on Intelligent Robots and Systems},
  title = {CD SLAM - Continuous localization and mapping in a dynamic world},
  pages = {3990--3997},
  doi = {10.1109/IROS.2011.6048253},
  year = {2011},
}

@conference{wang-et-al:2019:8793499,
  author = {K. Wang and Y. Lin and L. Wang and L. Han and M. Hua and X. Wang and S. Lian and B. Huang},
  journal = {Proceedings - IEEE International Conference on Robotics and Automation},
  title = {A unified framework for mutual improvement of SLAM and semantic segmentation},
  volume = {2019-May},
  pages = {5224--5230},
  doi = {10.1109/ICRA.2019.8793499},
  year = {2019},
}

@article{zhang-et-al:2022:3086822,
  author = {K. Zhang and X. Jiang and J. Ma},
  journal = {IEEE Transactions on Intelligent Transportation Systems},
  title = {Appearance-Based Loop Closure Detection via Locality-Driven Accurate Motion Field Learning},
  volume = {23},
  number = {3},
  pages = {2350--2365},
  doi = {10.1109/TITS.2021.3086822},
  year = {2022},
}

@article{clement-et-al:2020:2967659,
  author = {L. Clement and M. Gridseth and J. Tomasi and J. Kelly},
  journal = {IEEE Robotics and Automation Letters},
  title = {Learning Matchable Image Transformations for Long-Term Metric Visual Localization},
  volume = {5},
  number = {2},
  pages = {1492--1499},
  doi = {10.1109/LRA.2020.2967659},
  year = {2020},
}

@conference{camara-et-al:2020:9196967,
  author = {L. G. Camara and C. Gabert and L. Preucil},
  journal = {Proceedings - IEEE International Conference on Robotics and Automation},
  title = {Highly Robust Visual Place Recognition Through Spatial Matching of CNN Features},
  pages = {3748--3755},
  doi = {10.1109/ICRA40945.2020.9196967},
  year = {2020},
}

@conference{murphy-sibley:2014:6907022,
  author = {L. Murphy and G. Sibley},
  journal = {Proceedings - IEEE International Conference on Robotics and Automation},
  title = {Incremental unsupervised topological place discovery},
  pages = {1312--1318},
  doi = {10.1109/ICRA.2014.6907022},
  year = {2014},
}

@conference{sun-et-al:2021:9635886,
  author = {L. Sun and M. Taher and C. Wild and C. Zhao and Y. Zhang and F. Majer and Z. Yan and T. Krajnik and T. Prescott and T. Duckett},
  journal = {IEEE International Conference on Intelligent Robots and Systems},
  title = {Robust and Long-term Monocular Teach and Repeat Navigation using a Single-experience Map},
  pages = {2635--2642},
  doi = {10.1109/IROS51168.2021.9635886},
  year = {2021},
}

@article{sun-et-al:2018:2856268,
  author = {L. Sun and Z. Yan and A. Zaganidis and C. Zhao and T. Duckett},
  journal = {IEEE Robotics and Automation Letters},
  title = {Recurrent-OctoMap: Learning State-Based Map Refinement for Long-Term Semantic Mapping with 3-D-Lidar Data},
  volume = {3},
  number = {4},
  pages = {3749--3756},
  doi = {10.1109/LRA.2018.2856268},
  year = {2018},
}

@article{tang-et-al:2021:17298814211037497,
  author = {L. Tang and Y. Wang and Q. Tan and R. Xiong},
  journal = {International Journal of Advanced Robotic Systems},
  title = {Explicit feature disentanglement for visual place recognition across appearance changes},
  volume = {18},
  number = {6},
  doi = {10.1177/17298814211037497},
  year = {2021},
}

@article{tang-et-al:2019:7,
  author = {L. Tang and Y. Wang and X. Ding and H. Yin and R. Xiong and S. Huang},
  journal = {Autonomous Robots},
  title = {Topological local-metric framework for mobile robots navigation: a long term perspective},
  volume = {43},
  number = {1},
  pages = {197--211},
  doi = {10.1007/s10514-018-9724-7},
  year = {2019},
}

@conference{wang-et-al:2020:9468884,
  author = {L. Wang and W. Chen and J. Wang},
  journal = {IEEE International Conference on Intelligent Robots and Systems},
  title = {Long-term localization with time series map prediction for mobile robots in dynamic environments},
  volume = {2020-January},
  pages = {8587--8593},
  doi = {10.1109/IROS45743.2020.9468884},
  year = {2020},
}

@conference{wu-wu:2019:8968599,
  author = {L. Wu and Y. Wu},
  journal = {IEEE International Conference on Intelligent Robots and Systems},
  title = {Deep Supervised Hashing with Similar Hierarchy for Place Recognition},
  pages = {3781--3786},
  doi = {10.1109/IROS40897.2019.8968599},
  year = {2019},
}

@article{bosse-zlot:2009:009,
  author = {M. Bosse and R. Zlot},
  journal = {Robotics and Autonomous Systems},
  title = {Keypoint design and evaluation for place recognition in 2D lidar maps},
  volume = {57},
  number = {12},
  pages = {1211--1224},
  doi = {10.1016/j.robot.2009.07.009},
  year = {2009},
}

@article{bürki-et-al:2019:21870,
  author = {M. Bürki and C. Cadena and I. Gilitschenski and R. Siegwart and J. Nieto},
  journal = {Journal of Field Robotics},
  title = {Appearance-based landmark selection for visual localization},
  volume = {36},
  number = {6},
  pages = {1041--1073},
  doi = {10.1002/rob.21870},
  year = {2019},
}

@conference{dymczyk-et-al:2016:66,
  author = {M. Dymczyk and E. Stumm and J. Nieto and R. Siegwart and I. Gilitschenski},
  journal = {Proceedings - 2016 4th International Conference on 3D Vision, 3DV 2016},
  title = {Will it last? Learning stable features for long-term visual localization},
  pages = {572--581},
  doi = {10.1109/3DV.2016.66},
  year = {2016},
}

@conference{dymczyk-et-al:2015:7139575,
  author = {M. Dymczyk and S. Lynen and T. Cieslewski and M. Bosse and R. Siegwart and P. Furgale},
  journal = {Proceedings - IEEE International Conference on Robotics and Automation},
  title = {The gist of maps - Summarizing experience for lifelong localization},
  volume = {2015-June},
  number = {June},
  pages = {2767--2773},
  doi = {10.1109/ICRA.2015.7139575},
  year = {2015},
}

@conference{dymczyk-et-al:2016:7759673,
  author = {M. Dymczyk and T. Schneider and I. Gilitschenski and R. Siegwart and E. Stumm},
  journal = {IEEE International Conference on Intelligent Robots and Systems},
  title = {Erasing bad memories: Agent-side summarization for long-term mapping},
  volume = {2016-November},
  pages = {4572--4579},
  doi = {10.1109/IROS.2016.7759673},
  year = {2016},
}

@conference{gadd-newman:2016:7759843,
  author = {M. Gadd and P. Newman},
  journal = {IEEE International Conference on Intelligent Robots and Systems},
  title = {Checkout my map: Version control for fleetwide visual localisation},
  volume = {2016-November},
  pages = {5729--5736},
  doi = {10.1109/IROS.2016.7759843},
  year = {2016},
}

@article{labbé-michaud:2019:21831,
  author = {M. Labbé and F. Michaud},
  journal = {Journal of Field Robotics},
  title = {RTAB-Map as an open-source lidar and visual simultaneous localization and mapping library for large-scale and long-term online operation},
  volume = {36},
  number = {2},
  pages = {416--446},
  doi = {10.1002/rob.21831},
  year = {2019},
}

@article{mazuran-et-al:2016:0278364915581629,
  author = {M. Mazuran and W. Burgard and G. D. Tipaldi},
  journal = {International Journal of Robotics Research},
  title = {Nonlinear factor recovery for long-term SLAM},
  volume = {35},
  number = {1-3},
  pages = {50--72},
  doi = {10.1177/0278364915581629},
  year = {2016},
}

@conference{mohan-et-al:2015:7139966,
  author = {M. Mohan and D. Galvez-Lopez and C. Monteleoni and G. Sibley},
  journal = {Proceedings - IEEE International Conference on Robotics and Automation},
  title = {Environment selection and hierarchical place recognition},
  volume = {2015-June},
  number = {June},
  pages = {5487--5494},
  doi = {10.1109/ICRA.2015.7139966},
  year = {2015},
}

@inproceedings{rapp-et-al:2015:77,
  author = {M. Rapp and M. Hahn and M. Thom and K. J. A. D. Dickmann},
  booktitle = {2015 IEEE 18TH INTERNATIONAL CONFERENCE ON INTELLIGENT TRANSPORTATION
SYSTEMS},
  title = {Semi-Markov Process Based Localization using Radar in Dynamic
Environments},
  pages = {423--429},
  doi = {10.1109/ITSC.2015.77},
  year = {2015},
}

@conference{lázaro-et-al:2018:8594310,
  author = {M. T. Lázaro and R. Capobianco and G. Grisetti},
  journal = {IEEE International Conference on Intelligent Robots and Systems},
  title = {Efficient Long-term Mapping in Dynamic Environments},
  pages = {153--160},
  doi = {10.1109/IROS.2018.8594310},
  year = {2018},
}

@conference{zhang-et-al:2019:8814347,
  author = {M. Zhang and Y. Chen and M. Li},
  journal = {Proceedings of the American Control Conference},
  title = {SDF-Loc: Signed distance Field based 2D relocalization and map update in dynamic environments},
  volume = {2019-July},
  pages = {1997--2004},
  doi = {10.23919/acc.2019.8814347},
  year = {2019},
}

@article{carlevaris-bianco-et-al:2014:2347571,
  author = {N. Carlevaris-Bianco and M. Kaess and R. M. Eustice},
  journal = {IEEE Transactions on Robotics},
  title = {Generic node removal for factor-graph SLAM},
  volume = {30},
  number = {6},
  pages = {1371--1385},
  doi = {10.1109/TRO.2014.2347571},
  year = {2014},
}

@article{chebrolu-et-al:2018:2849603,
  author = {N. Chebrolu and T. Labe and C. Stachniss},
  journal = {IEEE Robotics and Automation Letters},
  title = {Robust long-term registration of UAV images of crop fields for precision agriculture},
  volume = {3},
  number = {4},
  pages = {3097--3104},
  doi = {10.1109/LRA.2018.2849603},
  year = {2018},
}

@article{piasco-et-al:2021:6,
  author = {N. Piasco and D. Sidibé and V. Gouet-Brunet and C. Demonceaux},
  journal = {International Journal of Computer Vision},
  title = {Improving Image Description with Auxiliary Modality for Visual Localization in Challenging Conditions},
  volume = {129},
  number = {1},
  pages = {185--202},
  doi = {10.1007/s11263-020-01363-6},
  year = {2021},
}

@conference{zhang-et-al:2018:8460674,
  author = {N. Zhang and M. Warren and T. D. Barfoot},
  journal = {Proceedings - IEEE International Conference on Robotics and Automation},
  title = {Learning Place-and-Time-Dependent Binary Descriptors for Long-Term Visual Localization},
  pages = {828--835},
  doi = {10.1109/ICRA.2018.8460674},
  year = {2018},
}

@inproceedings{vysotska-et-al:2015:7139576,
  author = {O. Vysotska and T. Naseer and L. Spinello and W. Burgard and C. Stachniss},
  journal = {2015 IEEE International Conference on Robotics and Automation (ICRA). Proceedings},
  title = {Efficient and effective matching of image sequences under substantial appearance changes exploiting GPS priors},
  pages = {2774--9},
  doi = {10.1109/ICRA.2015.7139576},
  year = {2015},
}

@article{biber-duckett:2009:0278364908096286,
  author = {P. Biber and T. Duckett},
  journal = {International Journal of Robotics Research},
  title = {Experimental analysis of sample-based maps for long-term SLAM},
  volume = {28},
  number = {1},
  pages = {20--33},
  doi = {10.1177/0278364908096286},
  year = {2009},
}

@conference{egger-et-al:2018:8593854,
  author = {P. Egger and P. V. K. Borges and G. Catt and A. Pfrunder and R. Siegwart and R. Dube},
  journal = {IEEE International Conference on Intelligent Robots and Systems},
  title = {PoseMap: Lifelong, Multi-Environment 3D LiDAR Localization},
  pages = {3430--3437},
  doi = {10.1109/IROS.2018.8593854},
  year = {2018},
}

@conference{ganti-waslander:2019:00024,
  author = {P. Ganti and S. Waslander},
  journal = {Proceedings - 2019 16th Conference on Computer and Robot Vision, CRV 2019},
  title = {Network uncertainty informed semantic feature selection for visual SLAM},
  pages = {121--128},
  doi = {10.1109/CRV.2019.00024},
  year = {2019},
}

@conference{gao-zhang:2020:9196906,
  author = {P. Gao and H. Zhang},
  journal = {Proceedings - IEEE International Conference on Robotics and Automation},
  title = {Long-term Place Recognition through Worst-case Graph Matching to Integrate Landmark Appearances and Spatial Relationships},
  pages = {1070--1076},
  doi = {10.1109/ICRA40945.2020.9196906},
  year = {2020},
}

@article{mühlfellner-et-al:2016:21595,
  author = {P. Mühlfellner and M. Bürki and M. Bosse and W. Derendarz and R. Philippsen and P. Furgale},
  journal = {Journal of Field Robotics},
  title = {Summary Maps for Lifelong Visual Localization},
  volume = {33},
  number = {5},
  pages = {561--590},
  doi = {10.1002/rob.21595},
  year = {2016},
}

@article{neubert-et-al:2015:005,
  author = {P. Neubert and N. Sunderhauf and P. Protzel},
  journal = {Robotics and Autonomous Systems},
  title = {Superpixel-based appearance change prediction for long-term navigation across seasons},
  volume = {69},
  pages = {15--27},
  doi = {10.1016/j.robot.2014.08.005},
  year = {2015},
}

@article{ozog-et-al:2016:21582,
  author = {P. Ozog and N. Carlevaris-Bianco and A. Kim and R. M. Eustice},
  journal = {Journal of Field Robotics},
  title = {Long-term Mapping Techniques for Ship Hull Inspection and Surveillance using an Autonomous Underwater Vehicle},
  volume = {33},
  number = {3},
  pages = {265--289},
  doi = {10.1002/rob.21582},
  year = {2016},
}

@conference{schmuck-chli:2019:00071,
  author = {P. Schmuck and M. Chli},
  journal = {Proceedings - 2019 International Conference on 3D Vision, 3DV 2019},
  title = {On the Redundancy Detection in Keyframe-Based SLAM},
  pages = {594--603},
  doi = {10.1109/3DV.2019.00071},
  year = {2019},
}

@article{yin-et-al:2021:3061375,
  author = {P. Yin and L. Xu and J. Zhang and H. Choset},
  journal = {IEEE Robotics and Automation Letters},
  title = {FusionVLAD: A Multi-View Deep Fusion Networks for Viewpoint-Free 3D Place Recognition},
  volume = {6},
  number = {2},
  pages = {2304--2310},
  doi = {10.1109/LRA.2021.3061375},
  year = {2021},
}

@conference{yin-et-al:2018:8593562,
  author = {P. Yin and L. Xu and Z. Liu and L. Li and H. Salman and Y. He and W. Xu and H. Wang and H. Choset},
  journal = {IEEE International Conference on Intelligent Robots and Systems},
  title = {Stabilize an Unsupervised Feature Learning for LiDAR-based Place Recognition},
  pages = {1162--1167},
  doi = {10.1109/IROS.2018.8593562},
  year = {2018},
}

@article{meng-et-al:2021:3062647,
  author = {Q. Meng and H. Guo and X. Zhao and D. Cao and H. Chen},
  journal = {IEEE/ASME Transactions on Mechatronics},
  title = {Loop-Closure Detection with a Multiresolution Point Cloud Histogram Mode in Lidar Odometry and Mapping for Intelligent Vehicles},
  volume = {26},
  number = {3},
  pages = {1307--1317},
  doi = {10.1109/TMECH.2021.3062647},
  year = {2021},
}

@article{arroyo-et-al:2018:7,
  author = {R. Arroyo and P. F. Alcantarilla and L. M. Bergasa and E. Romera},
  journal = {Autonomous Robots},
  title = {Are you ABLE to perform a life-long visual topological localization?},
  volume = {42},
  number = {3},
  pages = {665--85},
  doi = {10.1007/s10514-017-9664-7},
  year = {2018},
}

@article{mur-artal-et-al:2015:2463671,
  author = {R. Mur-Artal and J. M. M. Montiel and J. D. Tardos},
  journal = {IEEE Transactions on Robotics},
  title = {ORB-SLAM: A Versatile and Accurate Monocular SLAM System},
  volume = {31},
  number = {5},
  pages = {1147--1163},
  doi = {10.1109/TRO.2015.2463671},
  year = {2015},
}

@article{paul-newman:2013:0278364913509859,
  author = {R. Paul and P. Newman},
  journal = {International Journal of Robotics Research},
  title = {Self-help: Seeking out perplexing images for ever improving topological mapping},
  volume = {32},
  number = {14},
  pages = {1742--1766},
  doi = {10.1177/0278364913509859},
  year = {2013},
}

@article{griffith-pradalier:2017:21664,
  author = {S. Griffith and C. Pradalier},
  journal = {Journal of Field Robotics},
  title = {Survey Registration for Long-Term Natural Environment Monitoring},
  volume = {34},
  number = {1},
  pages = {188--208},
  doi = {10.1002/rob.21664},
  year = {2017},
}

@conference{hochdorfer-schlegel:2009,
  author = {S. Hochdorfer and C. Schlegel},
  journal = {2009 International Conference on Advanced Robotics, ICAR 2009},
  title = {Towards a robust visual SLAM approach: Addressing the challenge of life-long operation},
  pages = {1--6},
  year = {2009},
  url = {https://ieeexplore.ieee.org/document/5174794},
}

@conference{hochdorfer-et-al:2009:5339626,
  author = {S. Hochdorfer and M. Lutz and C. Schlegel},
  journal = {2009 IEEE International Conference on Technologies for Practical Robot Applications, TePRA 2009},
  title = {Lifelong localization of a mobile service-robot in everyday indoor environments using omnidirectional vision},
  pages = {161--166},
  doi = {10.1109/TEPRA.2009.5339626},
  year = {2009},
}

@conference{luthardt-et-al:2018:8569323,
  author = {S. Luthardt and V. Willert and J. Adamy},
  journal = {IEEE Conference on Intelligent Transportation Systems, Proceedings, ITSC},
  title = {LLama-SLAM: Learning High-Quality Visual Landmarks for Long-Term Mapping and Localization},
  volume = {2018-November},
  pages = {2645--2652},
  doi = {10.1109/ITSC.2018.8569323},
  year = {2018},
}

@article{nuske-et-al:2009:20306,
  author = {S. Nuske and J. Roberts and G. Wyeth},
  journal = {Journal of Field Robotics},
  title = {Robust outdoor visual localization using a three-dimensional-edge map},
  volume = {26},
  number = {9},
  pages = {728--756},
  doi = {10.1002/rob.20306},
  year = {2009},
}

@article{ouerghi-et-al:2018:s18040939,
  author = {S. Ouerghi and R. Boutteau and X. Savatier and F. Thai},
  journal = {SENSORS},
  title = {Visual Odometry and Place Recognition Fusion for Vehicle Position
Tracking in Urban Environments},
  volume = {18},
  number = {4},
  pages = {939},
  doi = {10.3390/s18040939},
  year = {2018},
}

@conference{siva-zhang:2018:8461042,
  author = {S. Siva and H. Zhang},
  journal = {Proceedings - IEEE International Conference on Robotics and Automation},
  title = {Omnidirectional multisensory perception fusion for long-term place recognition},
  pages = {5175--5181},
  doi = {10.1109/ICRA.2018.8461042},
  year = {2018},
}

@conference{siva-et-al:2020:9340992,
  author = {S. Siva and Z. Nahman and H. Zhang},
  journal = {IEEE International Conference on Intelligent Robots and Systems},
  title = {Voxel-based representation learning for place recognition based on 3D point clouds},
  pages = {8351--8357},
  doi = {10.1109/IROS45743.2020.9340992},
  year = {2020},
}

@article{williams-et-al:2014:0278364914531056,
  author = {S. Williams and V. Indelman and M. Kaess and R. Roberts and J. J. Leonard and F. Dellaert},
  journal = {International Journal of Robotics Research},
  title = {Concurrent filtering and smoothing: A parallel architecture for real-time navigation and full smoothing},
  volume = {33},
  number = {12},
  pages = {1544--1568},
  doi = {10.1177/0278364914531056},
  year = {2014},
}

@article{yang-et-al:2020:s20082432,
  author = {S. Yang and G. Fan and L. Bai and C. Zhao and D. Li},
  journal = {Sensors (Switzerland)},
  title = {SGC-VSLAM: A semantic and geometric constraints VSLAM for dynamic indoor environments},
  volume = {20},
  number = {8},
  pages = {2432},
  doi = {10.3390/s20082432},
  year = {2020},
}

@conference{zhu-et-al:2021:9561584,
  author = {S. Zhu and X. Zhang and S. Guo and J. Li and H. Liu},
  journal = {Proceedings - IEEE International Conference on Robotics and Automation},
  title = {Lifelong Localization in Semi-Dynamic Environment},
  volume = {2021-May},
  pages = {14389--14395},
  doi = {10.1109/ICRA48506.2021.9561584},
  year = {2021},
}

@article{an-et-al:2016:0,
  author = {S.-Y. An and L.-K. Lee and S.-Y. Oh},
  journal = {Autonomous Robots},
  title = {Ceiling vision-based active SLAM framework for dynamic and wide-open environments},
  volume = {40},
  number = {2},
  pages = {291--324},
  doi = {10.1007/s10514-015-9453-0},
  year = {2016},
}

@article{krajnik-et-al:2017:2665664,
  author = {T. Krajnik and J. P. Fentanes and J. M. Santos and T. Duckett},
  journal = {IEEE Transactions on Robotics},
  title = {FreMEn: Frequency map enhancement for long-term mobile robot autonomy in changing environments},
  volume = {33},
  number = {4},
  pages = {964--977},
  doi = {10.1109/TRO.2017.2665664},
  year = {2017},
}

@conference{naseer-et-al:2015:7324181,
  author = {T. Naseer and B. Suger and M. Ruhnke and W. Burgard},
  journal = {2015 European Conference on Mobile Robots, ECMR 2015 - Proceedings},
  title = {Vision-based Markov localization across large perceptual changes},
  pages = {1--6},
  doi = {10.1109/ECMR.2015.7324181},
  year = {2015},
}

@inproceedings{naseer-et-al:2017:7989305,
  author = {T. Naseer and G. L. Oliveira and T. Brox and W. Burgard},
  journal = {2017 IEEE International Conference on Robotics and Automation (ICRA)},
  title = {Semantics-aware visual localization under challenging perceptual conditions},
  pages = {2614--20},
  doi = {10.1109/ICRA.2017.7989305},
  year = {2017},
}

@conference{qin-et-al:2020:9340939,
  author = {T. Qin and T. Chen and Y. Chen and Q. Su},
  journal = {IEEE International Conference on Intelligent Robots and Systems},
  title = {AVP-SLAM: Semantic visual mapping and localization for autonomous vehicles in the parking lot},
  pages = {5939--5945},
  doi = {10.1109/IROS45743.2020.9340939},
  year = {2020},
}

@conference{taisho-kanji:2016:7866383,
  author = {T. Taisho and T. Kanji},
  journal = {2016 IEEE International Conference on Robotics and Biomimetics, ROBIO 2016},
  title = {Mining DCNN landmarks for long-term visual SLAM},
  pages = {570--576},
  doi = {10.1109/ROBIO.2016.7866383},
  year = {2016},
}

@article{zeng-si:2021:6,
  author = {T. Zeng and B. Si},
  journal = {Cognitive Neurodynamics},
  title = {A brain-inspired compact cognitive mapping system},
  volume = {15},
  number = {1},
  pages = {91--101},
  doi = {10.1007/s11571-020-09621-6},
  year = {2021},
}

@article{nguyen-et-al:2022:3094157,
  author = {T.-M. Nguyen and M. Cao and S. Yuan and T. H. Y. A. N. Lyu and L. Xie},
  journal = {IEEE TRANSACTIONS ON ROBOTICS},
  title = {VIRAL-Fusion: A Visual-Inertial-Ranging-Lidar Sensor Fusion Approach},
  volume = {38},
  number = {2},
  pages = {958--977},
  doi = {10.1109/TRO.2021.3094157},
  year = {2022},
}

@article{nguyen-et-al:2013:004,
  author = {V. A. Nguyen and J. A. Starzyk and W.-B. Goh},
  journal = {Robotics and Autonomous Systems},
  title = {A spatio-temporal Long-term Memory approach for visual place recognition in mobile robotic navigation},
  volume = {61},
  number = {12},
  pages = {1744--1758},
  doi = {10.1016/j.robot.2012.12.004},
  year = {2013},
}

@article{ila-et-al:2017:0278364917691110,
  author = {V. Ila and L. Polok and M. Solony and P. Svoboda},
  journal = {International Journal of Robotics Research},
  title = {SLAM++1-A highly efficient and temporally scalable incremental SLAM framework},
  volume = {36},
  number = {2},
  pages = {210--230},
  doi = {10.1177/0278364917691110},
  year = {2017},
}

@article{ali-et-al:2021:3100882,
  author = {W. Ali and P. Liu and R. Ying and Z. Gong},
  journal = {IEEE Sensors Journal},
  title = {A Life-Long SLAM Approach Using Adaptable Local Maps Based on Rasterized LIDAR Images},
  volume = {21},
  number = {19},
  pages = {21740--21749},
  doi = {10.1109/JSEN.2021.3100882},
  year = {2021},
}

@article{churchill-newman:2013:0278364913499193,
  author = {W. Churchill and P. Newman},
  journal = {International Journal of Robotics Research},
  title = {Experience-based navigation for long-term localisation},
  volume = {32},
  number = {14},
  pages = {1645--1661},
  doi = {10.1177/0278364913499193},
  year = {2013},
}

@inproceedings{maddern-et-al:2012:6224622,
  author = {W. Maddern and M. Milford and G. Wyeth},
  booktitle = {2012 IEEE INTERNATIONAL CONFERENCE ON ROBOTICS AND AUTOMATION (ICRA)},
  title = {Capping Computation Time and Storage Requirements for Appearance-based
Localization with CAT-SLAM},
  pages = {822--827},
  doi = {10.1109/ICRA.2012.6224622},
  year = {2012},
}

@conference{ding-et-al:2019:8968550,
  author = {X. DIng and Y. Wang and L. Tang and H. Yin and R. Xiong},
  journal = {IEEE International Conference on Intelligent Robots and Systems},
  title = {Communication constrained cloud-based long-term visual localization in real time},
  pages = {2159--2166},
  doi = {10.1109/IROS40897.2019.8968550},
  year = {2019},
}

@article{ding-et-al:2020:2942760,
  author = {X. Ding and Y. Wang and R. Xiong and D. Li and L. Tang and H. Yin and L. Zhao},
  journal = {IEEE Transactions on Intelligent Transportation Systems},
  title = {Persistent Stereo Visual Localization on Cross-Modal Invariant Map},
  volume = {21},
  number = {11},
  pages = {4646--4658},
  doi = {10.1109/TITS.2019.2942760},
  year = {2020},
}

@article{xu-et-al:2021:3060741,
  author = {X. Xu and H. Yin and Z. Chen and Y. Li and Y. Wang and R. Xiong},
  journal = {IEEE Robotics and Automation Letters},
  title = {DiSCO: Differentiable Scan Context with Orientation},
  volume = {6},
  number = {2},
  pages = {2791--2798},
  doi = {10.1109/LRA.2021.3060741},
  year = {2021},
}

@article{bouaziz-et-al:2022:4,
  author = {Y. Bouaziz and E. Royer and G. Bresson and M. Dhome},
  journal = {Multimedia Tools and Applications},
  title = {Map management for robust long-term visual localization of an autonomous shuttle in changing conditions},
  doi = {10.1007/s11042-021-11870-4},
  year = {2022},
}

@conference{latif-et-al:2012:6385879,
  author = {Y. Latif and C. Cadena and J. Neira},
  journal = {IEEE International Conference on Intelligent Robots and Systems},
  title = {Realizing, reversing, recovering: Incremental robust loop closing over time using the iRRR algorithm},
  pages = {4211--4217},
  doi = {10.1109/IROS.2012.6385879},
  year = {2012},
}

@article{latif-et-al:2017:016,
  author = {Y. Latif and G. Huang and J. Leonard and J. Neira},
  journal = {Robotics and Autonomous Systems},
  title = {Sparse optimization for robust and efficient loop closing},
  volume = {93},
  pages = {13--26},
  doi = {10.1016/j.robot.2017.03.016},
  year = {2017},
}

@inproceedings{song-et-al:2019:8967749,
  author = {Y. Song and D. Zhu and J. Li and Y. Tian and M. Li},
  journal = {2019 IEEE/RSJ International Conference on Intelligent Robots and Systems (IROS)},
  title = {Learning Local Feature Descriptor with Motion Attribute For Vision-based Localization},
  pages = {3794--801},
  doi = {10.1109/IROS40897.2019.8967749},
  year = {2019},
}

@inproceedings{yue-et-al:2020:9197072,
  author = {Y. Yue and C. Yang and J. Zhang and M. Wen and Z. Wu and H. Zhang and D. Wang},
  journal = {2020 IEEE International Conference on Robotics and Automation (ICRA)},
  title = {Day and Night Collaborative Dynamic Mapping in Unstructured Environment Based on Multimodal Sensors},
  pages = {2981--7},
  doi = {10.1109/ICRA40945.2020.9197072},
  year = {2020},
}

@article{chen-et-al:2018:2859916,
  author = {Z. Chen and L. Liu and I. Sa and Z. Ge and M. Chli},
  journal = {IEEE Robotics and Automation Letters},
  title = {Learning Context Flexible Attention Model for Long-Term Visual Place Recognition},
  volume = {3},
  number = {4},
  pages = {4015--4022},
  doi = {10.1109/LRA.2018.2859916},
  year = {2018},
}

@article{hong-et-al:2022:02783649221080483,
  author = {Z. Hong and Y. Petillot and A. Wallace and S. Wang},
  journal = {INTERNATIONAL JOURNAL OF ROBOTICS RESEARCH},
  title = {RadarSLAM: A robust simultaneous localization and mapping system for all
weather conditions},
  doi = {10.1177/02783649221080483},
  year = {2022},
}

@article{pan-et-al:2019:s19194252,
  author = {Z. Pan and H. Chen and S. Li and Y. Liu},
  journal = {Sensors (Switzerland)},
  title = {Clustermap building and relocalization in urban environments for unmanned vehicles},
  volume = {19},
  number = {19},
  pages = {4252},
  doi = {10.3390/s19194252},
  year = {2019},
}

@conference{wang-et-al:2021:9739599,
  author = {Z. Wang and S. Li and M. Cao and H. Chen and Y. Liu},
  journal = {2021 IEEE International Conference on Robotics and Biomimetics, ROBIO 2021},
  title = {Pole-like Objects Mapping and Long-Term Robot Localization in Dynamic Urban Scenarios},
  pages = {998--1003},
  doi = {10.1109/ROBIO54168.2021.9739599},
  year = {2021},
}

@inproceedings{xin-et-al:2017:8310121,
  author = {Z. Xin and X. Cui and J. Zhang and Y. Yang and Y. Wang},
  journal = {2017 Seventh International Conference on Image Processing Theory, Tools and Applications (IPTA)},
  title = {Visual place recognition with CNNs: from global to partial},
  pages = {6pp.--},
  doi = {10.1109/IPTA.2017.8310121},
  year = {2017},
}

@article{xing-et-al:2022:22062,
  author = {Z. Xing and X. Zhu and D. Dong},
  journal = {Journal of Field Robotics},
  title = {DE-SLAM: SLAM for highly dynamic environment},
  doi = {10.1002/rob.22062},
  year = {2022},
}

@article{yang-et-al:2021:12054,
  author = {Z. Yang and Y. Pan and L. Deng and Y. Xie and R. Huan},
  journal = {IET Intelligent Transport Systems},
  title = {PLSAV: Parallel loop searching and verifying for loop closure detection},
  volume = {15},
  number = {5},
  pages = {683--698},
  doi = {10.1049/itr2.12054},
  year = {2021},
}

@article{du-et-al:2022:3028218,
  author = {Z.-J. Du and S.-S. Huang and T.-J. Mu and Q. Zhao and R. R. Martin and K. Xu},
  journal = {IEEE Transactions on Visualization and Computer Graphics},
  title = {Accurate Dynamic SLAM Using CRF-Based Long-Term Consistency},
  volume = {28},
  number = {4},
  pages = {1745--57},
  doi = {10.1109/TVCG.2020.3028218},
  year = {2022},
}
